<record><header><identifier>oai:alma.41SLSP_UGE:991000006839705502</identifier><datestamp>2023-03-01T01:09:02Z</datestamp><setSpec>uge_bcen_RapidILL_BOOK</setSpec><setSpec>uge_aaca_RapidILL_BOOK</setSpec><setSpec>uge_abels_RapidILL_BOOK</setSpec><setSpec>uge_dbu_RapidILL_BOOK</setSpec><setSpec>uge_cmu_RapidILL_BOOK</setSpec><setSpec>uge_mail_RapidILL_BOOK</setSpec><setSpec>UNIGE_ALL</setSpec><setSpec>uge_abbat_RapidILL_BOOK</setSpec><setSpec>uge_aobs_RapidILL_BOOK</setSpec><setSpec>uge_acar_RapidILL_BOOK</setSpec></header><metadata>
<record xmlns="http://www.loc.gov/MARC21/slim" xmlns:xsi="http://www.w3.org/2001/XMLSchema-instance" xsi:schemaLocation="http://www.loc.gov/MARC21/slim http://www.loc.gov/standards/marcxml/schema/MARC21slim.xsd"><leader>01746nam a2200505 c 4500</leader><controlfield tag="001">991000006839705502</controlfield><controlfield tag="005">20210206202732.0</controlfield><controlfield tag="008">201012s1973    gw ||||| |||| 00| ||eng d</controlfield><datafield ind1=" " ind2=" " tag="020"><subfield code="a">3540063862</subfield><subfield code="q">Berlin</subfield></datafield><datafield ind1=" " ind2=" " tag="020"><subfield code="a">0387063862</subfield><subfield code="q">New York</subfield></datafield><datafield ind1=" " ind2=" " tag="035"><subfield code="a">(swissbib)239400224-41slsp_network</subfield></datafield><datafield ind1=" " ind2=" " tag="035"><subfield code="a">239400224</subfield><subfield code="9">ExL</subfield></datafield><datafield ind1=" " ind2=" " tag="035"><subfield code="a">(RERO)0695639-41slsp</subfield></datafield><datafield ind1=" " ind2=" " tag="035"><subfield code="a">(NEBIS)000675292EBI01</subfield></datafield><datafield ind1=" " ind2=" " tag="035"><subfield code="a">(IDSBB)000196244DSV01</subfield></datafield><datafield ind1=" " ind2=" " tag="035"><subfield code="a">(EXLNZ-41SLSP_NETWORK)991038230649705501</subfield></datafield><datafield ind1=" " ind2=" " tag="040"><subfield code="a">RERO lauspy</subfield><subfield code="d">CH-ZuSLS</subfield></datafield><datafield ind1=" " ind2="7" tag="072"><subfield code="a">ma</subfield><subfield code="2">rero</subfield></datafield><datafield ind1=" " ind2="7" tag="072"><subfield code="a">py</subfield><subfield code="2">rero</subfield></datafield><datafield ind1=" " ind2="7" tag="072"><subfield code="a">mt</subfield><subfield code="2">SzZuIDS BS/BE</subfield></datafield><datafield ind1="0" ind2="0" tag="082"><subfield code="a">512/.55</subfield></datafield><datafield ind1="1" ind2="4" tag="082"><subfield code="a">512.55</subfield><subfield code="2">22</subfield></datafield><datafield ind1="1" ind2="4" tag="082"><subfield code="a">510</subfield><subfield code="2">15</subfield></datafield><datafield ind1=" " ind2=" " tag="084"><subfield code="a">46</subfield><subfield code="2">msc</subfield></datafield><datafield ind1="1" ind2=" " tag="100"><subfield code="a">Bonsall, Frank Featherstone</subfield><subfield code="d">1920-2011</subfield><subfield code="0">(IDREF)110909046</subfield><subfield code="4">cre</subfield></datafield><datafield ind1="1" ind2="0" tag="245"><subfield code="a">Complete normed algebras</subfield><subfield code="c">F.F. Bonsall, J. Duncan</subfield></datafield><datafield ind1=" " ind2="1" tag="264"><subfield code="a">Berlin</subfield><subfield code="a">Heidelberg [etc.]</subfield><subfield code="b">Springer-Verlag</subfield><subfield code="c">1973</subfield></datafield><datafield ind1=" " ind2=" " tag="300"><subfield code="a">X, 301 p.</subfield><subfield code="b">ill.</subfield><subfield code="c">24 cm</subfield></datafield><datafield ind1=" " ind2=" " tag="336"><subfield code="b">txt</subfield><subfield code="2">rdacontent</subfield></datafield><datafield ind1=" " ind2=" " tag="337"><subfield code="b">n</subfield><subfield code="2">rdamedia</subfield></datafield><datafield ind1=" " ind2=" " tag="338"><subfield code="b">nc</subfield><subfield code="2">rdacarrier</subfield></datafield><datafield ind1="1" ind2=" " tag="490"><subfield code="a">Ergebnisse der Mathematik und ihrer Grenzgebiete</subfield><subfield code="v">Bd 80</subfield></datafield><datafield ind1=" " ind2="7" tag="650"><subfield code="a">Normierte Algebra</subfield><subfield code="0">(DE-588)4172037-4</subfield><subfield code="2">gnd</subfield></datafield><datafield ind1=" " ind2="0" tag="650"><subfield code="a">Banach algebras</subfield></datafield><datafield ind1=" " ind2="4" tag="650"><subfield code="a">Algebra</subfield></datafield><datafield ind1=" " ind2="4" tag="650"><subfield code="a">Banach-Algebra</subfield></datafield><datafield ind1=" " ind2="4" tag="650"><subfield code="a">Funktionalanalysis</subfield></datafield><datafield ind1=" " ind2="4" tag="650"><subfield code="a">Normierte Algebra</subfield></datafield><datafield ind1=" " ind2=" " tag="690"><subfield code="a">Algebra / Einzelne Fragen</subfield><subfield code="2">uzb-Z9</subfield></datafield><datafield ind1="1" ind2=" " tag="700"><subfield code="a">Duncan, John</subfield></datafield><datafield ind1="1" ind2=" " tag="700"><subfield code="a">Duncan, John</subfield><subfield code="d">1938-....</subfield><subfield code="0">(IDREF)032939493</subfield></datafield><datafield ind1=" " ind2="0" tag="830"><subfield code="a">Ergebnisse der Mathematik und ihrer Grenzgebiete</subfield><subfield code="p">Neue Folge</subfield><subfield code="v">80</subfield><subfield code="w">(IDSBB)000010837DSV01</subfield></datafield><datafield ind1=" " ind2="0" tag="830"><subfield code="a">Ergebnisse der Mathematik und ihrer Grenzgebiete. Neue Folge (1955-)</subfield><subfield code="v">80</subfield><subfield code="w">(NEBIS)000016438EBI01</subfield></datafield><datafield ind1=" " ind2="0" tag="830"><subfield code="a">Ergebnisse der Mathematik und ihrer Grenzgebiete (1932-1942)</subfield><subfield code="v">80</subfield><subfield code="w">(RERO)0138561-41slsp</subfield></datafield><datafield ind1=" " ind2=" " tag="900"><subfield code="a">REROnoselfmerge</subfield></datafield><datafield ind1=" " ind2=" " tag="900"><subfield code="f">IDSU2medea</subfield></datafield></record>
</metadata></record>