<record><header><identifier>oai:alma.41SLSP_UGE:991000006729705502</identifier><datestamp>2023-10-01T03:30:26Z</datestamp><setSpec>uge_bcen_RapidILL_BOOK</setSpec><setSpec>uge_aaca_RapidILL_BOOK</setSpec><setSpec>uge_abels_RapidILL_BOOK</setSpec><setSpec>uge_dbu_RapidILL_BOOK</setSpec><setSpec>uge_cmu_RapidILL_BOOK</setSpec><setSpec>uge_mail_RapidILL_BOOK</setSpec><setSpec>uge_abbat_RapidILL_BOOK</setSpec><setSpec>UNIGE_ALL</setSpec><setSpec>uge_acar_RapidILL_BOOK</setSpec><setSpec>uge_aobs_RapidILL_BOOK</setSpec></header><metadata>
<record xmlns="http://www.loc.gov/MARC21/slim" xmlns:xsi="http://www.w3.org/2001/XMLSchema-instance" xsi:schemaLocation="http://www.loc.gov/MARC21/slim http://www.loc.gov/standards/marcxml/schema/MARC21slim.xsd"><leader>02884nam a2200625 c 4500</leader><controlfield tag="001">991000006729705502</controlfield><controlfield tag="005">20230228190255.0</controlfield><controlfield tag="008">201011s2008    ne       |||| 101 0 eng|d</controlfield><datafield ind1=" " ind2=" " tag="020"><subfield code="a">9781402064463</subfield><subfield code="q">ebook</subfield></datafield><datafield ind1=" " ind2=" " tag="020"><subfield code="a">9781402064456</subfield></datafield><datafield ind1="7" ind2=" " tag="024"><subfield code="a">http://catalogue.bnf.fr/ark:/12148/cb411417165</subfield><subfield code="2">uri</subfield></datafield><datafield ind1=" " ind2=" " tag="035"><subfield code="a">(swissbib)214811093-41slsp_network</subfield></datafield><datafield ind1=" " ind2=" " tag="035"><subfield code="a">214811093</subfield><subfield code="9">ExL</subfield></datafield><datafield ind1=" " ind2=" " tag="035"><subfield code="a">(NEBIS)005571481EBI01</subfield></datafield><datafield ind1=" " ind2=" " tag="035"><subfield code="a">(RERO)R004512730-41slsp</subfield></datafield><datafield ind1=" " ind2=" " tag="035"><subfield code="a">(IDSBB)004545094DSV01</subfield></datafield><datafield ind1=" " ind2=" " tag="035"><subfield code="a">(Sz)vtls001520691</subfield></datafield><datafield ind1=" " ind2=" " tag="035"><subfield code="a">(EXLNZ-41SLSP_NETWORK)991082451399705501</subfield></datafield><datafield ind1=" " ind2=" " tag="040"><subfield code="a">Sz</subfield><subfield code="d">CH-ZuSLS</subfield></datafield><datafield ind1=" " ind2=" " tag="050"><subfield code="a">LC93.A2</subfield><subfield code="b">G68 2008</subfield></datafield><datafield ind1=" " ind2="7" tag="072"><subfield code="a">pe</subfield><subfield code="2">rero</subfield></datafield><datafield ind1="0" ind2="4" tag="082"><subfield code="a">371.207</subfield><subfield code="2">22</subfield></datafield><datafield ind1="0" ind2="4" tag="082"><subfield code="a">379.4</subfield><subfield code="2">22</subfield></datafield><datafield ind1="0" ind2="4" tag="082"><subfield code="a">300</subfield></datafield><datafield ind1=" " ind2=" " tag="084"><subfield code="a">DI 1000</subfield><subfield code="2">rvk</subfield></datafield><datafield ind1="0" ind2="0" tag="245"><subfield code="a">Governance and performance of education systems</subfield><subfield code="c">ed. by Nils C. Soguel and Pierre Jaccard</subfield></datafield><datafield ind1=" " ind2="1" tag="264"><subfield code="a">Dodrecht</subfield><subfield code="b">Springer</subfield><subfield code="c">2008</subfield></datafield><datafield ind1=" " ind2=" " tag="300"><subfield code="a">XVII, 330 S.</subfield><subfield code="b">Ill.</subfield></datafield><datafield ind1=" " ind2=" " tag="336"><subfield code="b">txt</subfield><subfield code="2">rdacontent</subfield></datafield><datafield ind1=" " ind2=" " tag="337"><subfield code="b">n</subfield><subfield code="2">rdamedia</subfield></datafield><datafield ind1=" " ind2=" " tag="338"><subfield code="b">nc</subfield><subfield code="2">rdacarrier</subfield></datafield><datafield ind1=" " ind2=" " tag="500"><subfield code="a">Beitr. der Konferenz &quot;Educational Systems and the Challenge of Improving Results: Explaining and Enhancing Performance and Equity&quot;, Universität Lausanne, September 2006</subfield></datafield><datafield ind1=" " ind2=" " tag="500"><subfield code="a">Register</subfield></datafield><datafield ind1=" " ind2=" " tag="504"><subfield code="a">Literaturverz.</subfield></datafield><datafield ind1=" " ind2=" " tag="520"><subfield code="a">Educational systems are now more than ever faced with the challenge of improving their performance and proving that suitable measures are being taken to guarantee greater efficiency regarding equity. Bringing together a wide range of disciplines and experience in several countries, this book details possible models of governance and describes ways to measure their effects in terms of efficiency and equity. [...] (Quelle: Verlagsinfo)</subfield><subfield code="5">nebis-U</subfield></datafield><datafield ind1=" " ind2="7" tag="650"><subfield code="a">Bildungspolitik</subfield><subfield code="0">(DE-588)4006667-8</subfield><subfield code="2">gnd</subfield></datafield><datafield ind1=" " ind2="7" tag="650"><subfield code="a">Bildungspolitik</subfield><subfield code="2">idszbz</subfield></datafield><datafield ind1=" " ind2="7" tag="650"><subfield code="a">Internationaler Vergleich</subfield><subfield code="0">(DE-588)4120509-1</subfield><subfield code="2">gnd</subfield></datafield><datafield ind1=" " ind2="7" tag="650"><subfield code="a">Politische Steuerung</subfield><subfield code="0">(DE-588)4212404-9</subfield><subfield code="2">gnd</subfield></datafield><datafield ind1=" " ind2="7" tag="650"><subfield code="a">Governance</subfield><subfield code="0">(DE-588)4639012-1</subfield><subfield code="2">gnd</subfield></datafield><datafield ind1=" " ind2="0" tag="650"><subfield code="a">Education</subfield></datafield><datafield ind1=" " ind2="0" tag="650"><subfield code="a">Educational tests and measurements</subfield><subfield code="z">Europe</subfield></datafield><datafield ind1=" " ind2="0" tag="650"><subfield code="a">Education and state</subfield></datafield><datafield ind1=" " ind2="0" tag="650"><subfield code="a">Education and state</subfield><subfield code="z">Europe</subfield></datafield><datafield ind1=" " ind2="7" tag="650"><subfield code="a">Éducation</subfield><subfield code="0">(IDREF)027555100</subfield><subfield code="2">idref</subfield></datafield><datafield ind1=" " ind2="7" tag="650"><subfield code="a">Efficacité</subfield><subfield code="0">(IDREF)031210147</subfield><subfield code="2">idref</subfield></datafield><datafield ind1=" " ind2="7" tag="650"><subfield code="a">Évaluation</subfield><subfield code="0">(IDREF)027791513</subfield><subfield code="2">idref</subfield></datafield><datafield ind1=" " ind2="7" tag="655"><subfield code="a">Aufsatzsammlung</subfield><subfield code="2">gnd-content</subfield></datafield><datafield ind1=" " ind2="7" tag="655"><subfield code="a">Konferenzschrift</subfield><subfield code="z">Lausanne</subfield><subfield code="y">2006</subfield><subfield code="2">gnd-content</subfield></datafield><datafield ind1=" " ind2="7" tag="655"><subfield code="a">Actes de congrès</subfield><subfield code="0">(IDREF)02886431X</subfield><subfield code="2">idref</subfield></datafield><datafield ind1="1" ind2=" " tag="700"><subfield code="a">Soguel, Nils</subfield><subfield code="c">économiste</subfield><subfield code="d">1963-....</subfield><subfield code="0">(IDREF)05034272X</subfield></datafield><datafield ind1="1" ind2=" " tag="700"><subfield code="a">Soguel, Nils</subfield><subfield code="d">1963-</subfield><subfield code="0">(DE-588)135832136</subfield></datafield><datafield ind1="4" ind2=" " tag="856"><subfield code="3">Titelblatt und Inhaltsverzeichnis</subfield><subfield code="u">https://toc.library.ethz.ch/objects/pdf/z01_978-1-4020-6445-6_01.pdf</subfield><subfield code="q">pdf</subfield></datafield><datafield ind1=" " ind2=" " tag="900"><subfield code="a">IDSZ2zbzmon200807f</subfield><subfield code="c">IDSZ2suse</subfield><subfield code="d">IDSZ2zbzswk200807b</subfield><subfield code="e">IDSZ2kara</subfield></datafield><datafield ind1=" " ind2=" " tag="900"><subfield code="a">REROnoselfmerge</subfield></datafield><datafield ind1=" " ind2=" " tag="949"><subfield code="a">https://toc.library.ethz.ch/objects/pdf/z01_978-1-4020-6445-6_01.pdf</subfield></datafield></record>
</metadata></record>