<record><header><identifier>oai:alma.41SLSP_UGE:991000006439705502</identifier><datestamp>2023-05-23T00:11:59Z</datestamp><setSpec>uge_bcen_RapidILL_BOOK</setSpec><setSpec>uge_aaca_RapidILL_BOOK</setSpec><setSpec>uge_abels_RapidILL_BOOK</setSpec><setSpec>uge_dbu_RapidILL_BOOK</setSpec><setSpec>uge_cmu_RapidILL_BOOK</setSpec><setSpec>uge_mail_RapidILL_BOOK</setSpec><setSpec>uge_abbat_RapidILL_BOOK</setSpec><setSpec>UNIGE_ALL</setSpec><setSpec>uge_acar_RapidILL_BOOK</setSpec><setSpec>uge_aobs_RapidILL_BOOK</setSpec></header><metadata>
<record xmlns="http://www.loc.gov/MARC21/slim" xmlns:xsi="http://www.w3.org/2001/XMLSchema-instance" xsi:schemaLocation="http://www.loc.gov/MARC21/slim http://www.loc.gov/standards/marcxml/schema/MARC21slim.xsd"><leader>02451nam a2200517 c 4500</leader><controlfield tag="001">991000006439705502</controlfield><controlfield tag="005">20230516184835.0</controlfield><controlfield tag="008">201012s1975    gw ||||| |||| 00| ||ger d</controlfield><datafield ind1=" " ind2=" " tag="035"><subfield code="a">(swissbib)236730312-41slsp_network</subfield></datafield><datafield ind1=" " ind2=" " tag="035"><subfield code="a">236730312</subfield><subfield code="9">ExL</subfield></datafield><datafield ind1=" " ind2=" " tag="035"><subfield code="a">(RERO)0112353-41slsp</subfield></datafield><datafield ind1=" " ind2=" " tag="035"><subfield code="a">(IDSBB)000186870DSV01</subfield></datafield><datafield ind1=" " ind2=" " tag="035"><subfield code="a">(NEBIS)009010060EBI01</subfield></datafield><datafield ind1=" " ind2=" " tag="035"><subfield code="a">(IDSLU)000673277ILU01</subfield></datafield><datafield ind1=" " ind2=" " tag="035"><subfield code="a">(EXLNZ-41SLSP_NETWORK)991104410159705501</subfield></datafield><datafield ind1=" " ind2=" " tag="040"><subfield code="a">RERO</subfield><subfield code="d">CH-ZuSLS</subfield></datafield><datafield ind1=" " ind2="7" tag="072"><subfield code="a">th</subfield><subfield code="2">rero</subfield></datafield><datafield ind1=" " ind2="7" tag="072"><subfield code="a">th</subfield><subfield code="2">SzZuIDS BS/BE</subfield></datafield><datafield ind1="1" ind2=" " tag="100"><subfield code="a">Maser, Malwine</subfield><subfield code="6">880-01</subfield></datafield><datafield ind1="1" ind2=" " tag="880"><subfield code="6">100-01</subfield><subfield code="a">Maser, Malwine</subfield><subfield code="0">(IDREF)11297659X</subfield></datafield><datafield ind1="1" ind2="0" tag="245"><subfield code="a">Bibliographie zur Jüdisch-Hellenistischen und Intertestamentarischen Literatur 1900-1970</subfield><subfield code="c">in Verbindung mit Malwine Maser hrsg. von Gerhard Delling</subfield></datafield><datafield ind1=" " ind2=" " tag="250"><subfield code="a">2., überarb. und bis 1970 fortgeführte Aufl.</subfield></datafield><datafield ind1=" " ind2="1" tag="264"><subfield code="a">Berlin</subfield><subfield code="b">Akademie-Verlag</subfield><subfield code="c">1975</subfield></datafield><datafield ind1=" " ind2=" " tag="300"><subfield code="a">XXXIII, 201 p.</subfield><subfield code="c">24 cm</subfield></datafield><datafield ind1=" " ind2=" " tag="336"><subfield code="b">txt</subfield><subfield code="2">rdacontent</subfield></datafield><datafield ind1=" " ind2=" " tag="337"><subfield code="b">n</subfield><subfield code="2">rdamedia</subfield></datafield><datafield ind1=" " ind2=" " tag="338"><subfield code="b">nc</subfield><subfield code="2">rdacarrier</subfield></datafield><datafield ind1="1" ind2=" " tag="490"><subfield code="a">Texte und Untersuchungen zur Geschichte der altchristlichen Literatur</subfield><subfield code="v">Bd 106</subfield></datafield><datafield ind1="0" ind2="7" tag="630"><subfield code="a">Bibel</subfield><subfield code="p">Altes Testament</subfield><subfield code="0">(DE-588)4001515-4</subfield><subfield code="2">gnd</subfield></datafield><datafield ind1="0" ind2="7" tag="630"><subfield code="a">Apokryphen</subfield><subfield code="0">(DE-588)4002434-9</subfield><subfield code="2">gnd</subfield></datafield><datafield ind1=" " ind2="7" tag="650"><subfield code="a">Littérature intertestamentaire</subfield><subfield code="0">(IDREF)02770257X</subfield><subfield code="2">idref</subfield></datafield><datafield ind1=" " ind2="7" tag="650"><subfield code="a">1900-1970</subfield><subfield code="2">rero</subfield></datafield><datafield ind1=" " ind2="7" tag="650"><subfield code="a">Littérature juive</subfield><subfield code="0">(IDREF)027582787</subfield><subfield code="2">idref</subfield></datafield><datafield ind1=" " ind2="4" tag="650"><subfield code="a">Hellenistisch-jüdische Literatur</subfield></datafield><datafield ind1=" " ind2="7" tag="655"><subfield code="a">Bibliographie</subfield><subfield code="0">(IDREF)027229386</subfield><subfield code="2">idref</subfield></datafield><datafield ind1=" " ind2="7" tag="655"><subfield code="a">Bibliografie</subfield><subfield code="2">gnd-content</subfield></datafield><datafield ind1=" " ind2=" " tag="690"><subfield code="a">Bibliographien, B: Literatur, jüdisch-hellenistische. Altertum</subfield><subfield code="2">rzs-L1</subfield></datafield><datafield ind1=" " ind2=" " tag="690"><subfield code="a">Hellenismus, B: Juden. Bibliographie</subfield><subfield code="2">rzs-L1</subfield></datafield><datafield ind1=" " ind2=" " tag="690"><subfield code="a">Juden. Geschichte. Altertum. A. Bibliographie</subfield><subfield code="2">rzs-L1</subfield></datafield><datafield ind1=" " ind2=" " tag="690"><subfield code="a">Literatur, jüdisch-hellenistische. Altertum. A. Bibliographie</subfield><subfield code="2">rzs-L1</subfield></datafield><datafield ind1=" " ind2="7" tag="651"><subfield code="a">Grèce</subfield><subfield code="y">323-146 av. J.-C. (Époque hellénistique)</subfield><subfield code="0">(IDREF)027433706</subfield><subfield code="2">idref</subfield></datafield><datafield ind1="1" ind2=" " tag="700"><subfield code="a">Delling, Gerhard</subfield><subfield code="d">1905-1986</subfield><subfield code="0">(DE-588)10526010X</subfield><subfield code="6">880-03</subfield></datafield><datafield ind1="1" ind2=" " tag="880"><subfield code="6">700-03</subfield><subfield code="a">Delling, Gerhard</subfield><subfield code="d">1905-1986</subfield><subfield code="0">(IDREF)112976476</subfield></datafield><datafield ind1=" " ind2="0" tag="830"><subfield code="a">Texte und Untersuchungen zur Geschichte der altchristlichen Literatur</subfield><subfield code="v">106/2</subfield><subfield code="w">(IDSLU)000165166ILU01</subfield></datafield><datafield ind1=" " ind2="0" tag="830"><subfield code="a">Texte und Untersuchungen zur Geschichte der altchristlichen Literatur</subfield><subfield code="v">106</subfield><subfield code="w">(IDSBB)000054073DSV01</subfield></datafield><datafield ind1=" " ind2="0" tag="830"><subfield code="a">Texte und Untersuchungen zur Geschichte der altchristlichen Literatur</subfield><subfield code="v">106</subfield><subfield code="w">(RERO)0039551-41slsp</subfield></datafield><datafield ind1=" " ind2=" " tag="900"><subfield code="f">IDSU2medea</subfield></datafield></record>
</metadata></record>