<record><header><identifier>oai:alma.41SLSP_UGE:991000006229705502</identifier><datestamp>2023-11-26T01:36:01Z</datestamp><setSpec>uge_bcen_RapidILL_BOOK</setSpec><setSpec>uge_aaca_RapidILL_BOOK</setSpec><setSpec>uge_abels_RapidILL_BOOK</setSpec><setSpec>uge_dbu_RapidILL_BOOK</setSpec><setSpec>uge_cmu_RapidILL_BOOK</setSpec><setSpec>uge_mail_RapidILL_BOOK</setSpec><setSpec>uge_abbat_RapidILL_BOOK</setSpec><setSpec>UNIGE_ALL</setSpec><setSpec>uge_acar_RapidILL_BOOK</setSpec><setSpec>uge_aobs_RapidILL_BOOK</setSpec></header><metadata>
<record xmlns="http://www.loc.gov/MARC21/slim" xmlns:xsi="http://www.w3.org/2001/XMLSchema-instance" xsi:schemaLocation="http://www.loc.gov/MARC21/slim http://www.loc.gov/standards/marcxml/schema/MARC21slim.xsd"><leader>01233naa a2200301 c 4500</leader><controlfield tag="001">991000006229705502</controlfield><controlfield tag="005">20230629194521.0</controlfield><controlfield tag="008">031002s2002    sz ||||| |||| 00| ||ger d</controlfield><datafield ind1=" " ind2=" " tag="035"><subfield code="a">(swissbib)099375257-41slsp_network</subfield></datafield><datafield ind1=" " ind2=" " tag="035"><subfield code="a">099375257</subfield><subfield code="9">ExL</subfield></datafield><datafield ind1=" " ind2=" " tag="035"><subfield code="a">(RERO)R003416308-41slsp</subfield></datafield><datafield ind1=" " ind2=" " tag="035"><subfield code="a">(ALEX)bv080625260</subfield></datafield><datafield ind1=" " ind2=" " tag="035"><subfield code="a">(EXLNZ-41SLSP_NETWORK)991002927999705501</subfield></datafield><datafield ind1=" " ind2=" " tag="040"><subfield code="a">RERO neubfd</subfield><subfield code="d">CH-ZuSLS</subfield></datafield><datafield ind1=" " ind2=" " tag="044"><subfield code="a">sz</subfield><subfield code="c">ch-sz</subfield></datafield><datafield ind1=" " ind2="7" tag="072"><subfield code="a">dr</subfield><subfield code="2">rero</subfield></datafield><datafield ind1=" " ind2=" " tag="084"><subfield code="a">CA/CH 22 i</subfield><subfield code="2">cjurrom</subfield></datafield><datafield ind1=" " ind2=" " tag="084"><subfield code="a">CA/CH 14 f</subfield><subfield code="2">cjurrom</subfield></datafield><datafield ind1="1" ind2=" " tag="100"><subfield code="a">Marti, Arnold</subfield><subfield code="d">1951-....</subfield><subfield code="0">(IDREF)256925038</subfield><subfield code="4">cre</subfield></datafield><datafield ind1="1" ind2="0" tag="245"><subfield code="a">Aufgabenteilung zwischen Staat und Privaten auf dem Gebiet der Rechtsetzung</subfield><subfield code="b">Ende des staatlichen Rechtsetzungsmonopols?</subfield><subfield code="c">Arnold Marti</subfield></datafield><datafield ind1=" " ind2=" " tag="336"><subfield code="b">txt</subfield><subfield code="2">rdacontent</subfield></datafield><datafield ind1=" " ind2=" " tag="337"><subfield code="b">n</subfield><subfield code="2">rdamedia</subfield></datafield><datafield ind1=" " ind2=" " tag="338"><subfield code="b">nc</subfield><subfield code="2">rdacarrier</subfield></datafield><datafield ind1=" " ind2=" " tag="500"><subfield code="a">Thema der Nummer: Beteiligung Privater an der Wahrnehmung öffentlicher Aufgaben und staatliche Verantwortung</subfield></datafield><datafield ind1=" " ind2=" " tag="580"><subfield code="a">In: AJP. - Lachen. - 2002, H. 10, S. 1154-1162</subfield></datafield><datafield ind1=" " ind2="7" tag="650"><subfield code="a">Rechtssetzung</subfield><subfield code="9">ger</subfield><subfield code="0">(RERO)jurivoc000018456ger</subfield><subfield code="2">jurivoc</subfield></datafield><datafield ind1=" " ind2="7" tag="650"><subfield code="a">Aufgabenteilung</subfield><subfield code="9">ger</subfield><subfield code="0">(RERO)jurivoc000001998ger</subfield><subfield code="2">jurivoc</subfield></datafield><datafield ind1=" " ind2="7" tag="650"><subfield code="a">Privatisierung</subfield><subfield code="9">ger</subfield><subfield code="0">(RERO)jurivoc000017681ger</subfield><subfield code="2">jurivoc</subfield></datafield><datafield ind1=" " ind2="7" tag="650"><subfield code="a">Zuständigkeitsübertragung</subfield><subfield code="9">ger</subfield><subfield code="0">(RERO)jurivoc000027426ger</subfield><subfield code="2">jurivoc</subfield></datafield><datafield ind1=" " ind2="7" tag="651"><subfield code="a">Schweiz</subfield><subfield code="9">ger</subfield><subfield code="0">(RERO)jurivoc000019912ger</subfield><subfield code="2">jurivoc</subfield></datafield><datafield ind1="0" ind2=" " tag="773"><subfield code="t">AJP : Aktuelle juristische Praxis</subfield><subfield code="g">2002/1154</subfield><subfield code="g">yr:2002</subfield></datafield></record>
</metadata></record>