<record><header><identifier>oai:alma.41SLSP_UGE:991000006539705502</identifier><datestamp>2023-03-01T01:09:02Z</datestamp><setSpec>uge_bcen_RapidILL_BOOK</setSpec><setSpec>uge_aaca_RapidILL_BOOK</setSpec><setSpec>uge_abels_RapidILL_BOOK</setSpec><setSpec>uge_dbu_RapidILL_BOOK</setSpec><setSpec>uge_cmu_RapidILL_BOOK</setSpec><setSpec>uge_mail_RapidILL_BOOK</setSpec><setSpec>UNIGE_ALL</setSpec><setSpec>uge_abbat_RapidILL_BOOK</setSpec><setSpec>uge_aobs_RapidILL_BOOK</setSpec><setSpec>uge_acar_RapidILL_BOOK</setSpec></header><metadata>
<record xmlns="http://www.loc.gov/MARC21/slim" xmlns:xsi="http://www.w3.org/2001/XMLSchema-instance" xsi:schemaLocation="http://www.loc.gov/MARC21/slim http://www.loc.gov/standards/marcxml/schema/MARC21slim.xsd"><leader>01089nam a2200349 c 4500</leader><controlfield tag="001">991000006539705502</controlfield><controlfield tag="005">20210207203145.0</controlfield><controlfield tag="008">201012s1979    xxu||||| |||| 00| ||eng d</controlfield><datafield ind1=" " ind2=" " tag="020"><subfield code="a">0890042977</subfield></datafield><datafield ind1=" " ind2=" " tag="035"><subfield code="a">(swissbib)235827010-41slsp_network</subfield></datafield><datafield ind1=" " ind2=" " tag="035"><subfield code="a">235827010</subfield><subfield code="9">ExL</subfield></datafield><datafield ind1=" " ind2=" " tag="035"><subfield code="a">(RERO)0768882-41slsp</subfield></datafield><datafield ind1=" " ind2=" " tag="035"><subfield code="a">(NEBIS)007717072EBI01</subfield></datafield><datafield ind1=" " ind2=" " tag="035"><subfield code="a">(EXLNZ-41SLSP_NETWORK)991153771199705501</subfield></datafield><datafield ind1=" " ind2=" " tag="040"><subfield code="a">RERO geucmu</subfield><subfield code="d">CH-ZuSLS</subfield></datafield><datafield ind1=" " ind2=" " tag="060"><subfield code="a">WK 700</subfield></datafield><datafield ind1=" " ind2="7" tag="072"><subfield code="a">me</subfield><subfield code="2">rero</subfield></datafield><datafield ind1="0" ind2="0" tag="245"><subfield code="a">&lt;&lt;The&gt;&gt; adrenal gland</subfield><subfield code="c">ed. Vivian H.T. James</subfield></datafield><datafield ind1=" " ind2="1" tag="264"><subfield code="a">New York</subfield><subfield code="b">Raven Press</subfield><subfield code="c">[1979]</subfield></datafield><datafield ind1=" " ind2="4" tag="264"><subfield code="c">© 1979</subfield></datafield><datafield ind1=" " ind2=" " tag="300"><subfield code="a">X, 332 p.</subfield><subfield code="b">ill.</subfield><subfield code="c">25 cm</subfield></datafield><datafield ind1=" " ind2=" " tag="336"><subfield code="b">txt</subfield><subfield code="2">rdacontent</subfield></datafield><datafield ind1=" " ind2=" " tag="337"><subfield code="b">n</subfield><subfield code="2">rdamedia</subfield></datafield><datafield ind1=" " ind2=" " tag="338"><subfield code="b">nc</subfield><subfield code="2">rdacarrier</subfield></datafield><datafield ind1="1" ind2=" " tag="490"><subfield code="a">Comprehensive endocrinology</subfield></datafield><datafield ind1=" " ind2="2" tag="650"><subfield code="a">Adrenal Gland Diseases</subfield></datafield><datafield ind1=" " ind2="2" tag="650"><subfield code="a">Adrenal Glands</subfield></datafield><datafield ind1=" " ind2="2" tag="650"><subfield code="a">Adrenal Gland Diseases</subfield><subfield code="0">(DNLM)D000307</subfield></datafield><datafield ind1=" " ind2="2" tag="650"><subfield code="a">Adrenal Glands</subfield><subfield code="0">(DNLM)D000311</subfield></datafield><datafield ind1="1" ind2=" " tag="700"><subfield code="a">James, Vivian Hector Thomas</subfield></datafield><datafield ind1="1" ind2=" " tag="700"><subfield code="a">James, Vivian Hector Thomas</subfield><subfield code="0">(IDREF)031629121</subfield></datafield><datafield ind1=" " ind2="0" tag="830"><subfield code="a">Comprehensive Endocrinology</subfield><subfield code="w">(RERO)0460727-41slsp</subfield></datafield><datafield ind1=" " ind2=" " tag="900"><subfield code="a">REROnoselfmerge</subfield></datafield></record>
</metadata></record>