<record><header><identifier>oai:alma.41SLSP_UGE:991000006639705502</identifier><datestamp>2023-03-01T01:09:02Z</datestamp><setSpec>uge_bcen_RapidILL_BOOK</setSpec><setSpec>uge_aaca_RapidILL_BOOK</setSpec><setSpec>uge_abels_RapidILL_BOOK</setSpec><setSpec>uge_dbu_RapidILL_BOOK</setSpec><setSpec>uge_cmu_RapidILL_BOOK</setSpec><setSpec>uge_mail_RapidILL_BOOK</setSpec><setSpec>UNIGE_ALL</setSpec><setSpec>uge_abbat_RapidILL_BOOK</setSpec><setSpec>uge_aobs_RapidILL_BOOK</setSpec><setSpec>uge_acar_RapidILL_BOOK</setSpec></header><metadata>
<record xmlns="http://www.loc.gov/MARC21/slim" xmlns:xsi="http://www.w3.org/2001/XMLSchema-instance" xsi:schemaLocation="http://www.loc.gov/MARC21/slim http://www.loc.gov/standards/marcxml/schema/MARC21slim.xsd"><leader>01729nam a2200409 c 4500</leader><controlfield tag="001">991000006639705502</controlfield><controlfield tag="005">20230201193815.0</controlfield><controlfield tag="008">201011t19951995gw ||||| |||| 00| ||eng d</controlfield><datafield ind1=" " ind2=" " tag="020"><subfield code="a">3540578641</subfield><subfield code="q">Berlin</subfield></datafield><datafield ind1=" " ind2=" " tag="020"><subfield code="a">0387578641</subfield><subfield code="q">New York</subfield></datafield><datafield ind1="7" ind2=" " tag="024"><subfield code="a">http://catalogue.bnf.fr/ark:/12148/cb37473714t</subfield><subfield code="2">uri</subfield></datafield><datafield ind1=" " ind2=" " tag="035"><subfield code="a">(swissbib)225177161-41slsp_network</subfield></datafield><datafield ind1=" " ind2=" " tag="035"><subfield code="a">225177161</subfield><subfield code="9">ExL</subfield></datafield><datafield ind1=" " ind2=" " tag="035"><subfield code="a">(RERO)2113083-41slsp</subfield></datafield><datafield ind1=" " ind2=" " tag="035"><subfield code="a">(NEBIS)001415246EBI01</subfield></datafield><datafield ind1=" " ind2=" " tag="035"><subfield code="a">(EXLNZ-41SLSP_NETWORK)991137187649705501</subfield></datafield><datafield ind1=" " ind2=" " tag="040"><subfield code="a">RERO geussc</subfield><subfield code="d">CH-ZuSLS</subfield></datafield><datafield ind1=" " ind2="7" tag="072"><subfield code="a">st</subfield><subfield code="2">rero</subfield></datafield><datafield ind1="0" ind2="0" tag="245"><subfield code="a">Petroleum source rocks</subfield><subfield code="c">ed. [by] B.J. Katz</subfield></datafield><datafield ind1=" " ind2="1" tag="264"><subfield code="a">Berlin</subfield><subfield code="a">New York [etc.]</subfield><subfield code="b">Springer</subfield><subfield code="c">[1995]</subfield></datafield><datafield ind1=" " ind2="4" tag="264"><subfield code="c">© 1995</subfield></datafield><datafield ind1=" " ind2=" " tag="300"><subfield code="a">XIII, 327 p.</subfield><subfield code="b">ill.</subfield><subfield code="c">28 cm</subfield></datafield><datafield ind1=" " ind2=" " tag="336"><subfield code="b">txt</subfield><subfield code="2">rdacontent</subfield></datafield><datafield ind1=" " ind2=" " tag="337"><subfield code="b">n</subfield><subfield code="2">rdamedia</subfield></datafield><datafield ind1=" " ind2=" " tag="338"><subfield code="b">nc</subfield><subfield code="2">rdacarrier</subfield></datafield><datafield ind1="1" ind2=" " tag="490"><subfield code="a">Casebooks in earth sciences</subfield></datafield><datafield ind1=" " ind2="7" tag="650"><subfield code="a">Pétrole</subfield><subfield code="0">(IDREF)027792641</subfield><subfield code="2">idref</subfield></datafield><datafield ind1=" " ind2="7" tag="650"><subfield code="a">Géologie</subfield><subfield code="0">(IDREF)027227987</subfield><subfield code="2">idref</subfield></datafield><datafield ind1=" " ind2="7" tag="650"><subfield code="a">BITUMEN + BITUMINÖSE SCHIEFER + ÖLSCHIEFER (PETROGRAPHIE)</subfield><subfield code="9">ger</subfield><subfield code="0">(ETHUDK)000020616</subfield><subfield code="2">ethudk</subfield></datafield><datafield ind1=" " ind2="7" tag="650"><subfield code="a">ERDÖL (LAGERSTÄTTEN)</subfield><subfield code="9">ger</subfield><subfield code="0">(ETHUDK)000020784</subfield><subfield code="2">ethudk</subfield></datafield><datafield ind1=" " ind2="7" tag="650"><subfield code="a">ERDÖLMUTTERFORMATION (LAGERSTÄTTEN)</subfield><subfield code="9">ger</subfield><subfield code="0">(ETHUDK)000020786</subfield><subfield code="2">ethudk</subfield></datafield><datafield ind1=" " ind2="7" tag="650"><subfield code="a">LAKUSTRINES MILIEU (ABLAGERUNGSMILIEU)</subfield><subfield code="9">ger</subfield><subfield code="0">(ETHUDK)000046099</subfield><subfield code="2">ethudk</subfield></datafield><datafield ind1=" " ind2="7" tag="650"><subfield code="a">ORGANISCHE GEOCHEMIE</subfield><subfield code="9">ger</subfield><subfield code="0">(ETHUDK)000037547</subfield><subfield code="2">ethudk</subfield></datafield><datafield ind1=" " ind2="7" tag="650"><subfield code="a">SEESEDIMENTE + SEEFACIES + GEOLOGISCHE TÄTIGKEIT VON SEEN (ABLAGERUNGSMILIEU)</subfield><subfield code="9">ger</subfield><subfield code="0">(ETHUDK)000020056</subfield><subfield code="2">ethudk</subfield></datafield><datafield ind1=" " ind2="7" tag="655"><subfield code="a">[Études diverses]</subfield><subfield code="0">(RERO)A022249905</subfield><subfield code="2">rero</subfield></datafield><datafield ind1="1" ind2=" " tag="700"><subfield code="a">Katz, Barry Jay</subfield><subfield code="0">(IDREF)079025633</subfield></datafield><datafield ind1=" " ind2=" " tag="830"><subfield code="a">Casebooks in earth sciences</subfield><subfield code="w">(RERO)0965459-41slsp</subfield></datafield><datafield ind1=" " ind2=" " tag="900"><subfield code="a">REROnoselfmerge</subfield></datafield></record>
</metadata></record>