<record><header><identifier>oai:alma.41SLSP_UGE:991000006659705502</identifier><datestamp>2023-03-15T01:10:15Z</datestamp><setSpec>uge_bcen_RapidILL_BOOK</setSpec><setSpec>uge_aaca_RapidILL_BOOK</setSpec><setSpec>uge_abels_RapidILL_BOOK</setSpec><setSpec>uge_dbu_RapidILL_BOOK</setSpec><setSpec>uge_cmu_RapidILL_BOOK</setSpec><setSpec>uge_mail_RapidILL_BOOK</setSpec><setSpec>uge_abbat_RapidILL_BOOK</setSpec><setSpec>UNIGE_ALL</setSpec><setSpec>uge_acar_RapidILL_BOOK</setSpec><setSpec>uge_aobs_RapidILL_BOOK</setSpec></header><metadata>
<record xmlns="http://www.loc.gov/MARC21/slim" xmlns:xsi="http://www.w3.org/2001/XMLSchema-instance" xsi:schemaLocation="http://www.loc.gov/MARC21/slim http://www.loc.gov/standards/marcxml/schema/MARC21slim.xsd"><leader>01675nam a2200421 c 4500</leader><controlfield tag="001">991000006659705502</controlfield><controlfield tag="005">20230314201715.0</controlfield><controlfield tag="008">201011s1969    sz ||||| |||| 00| ||fre d</controlfield><datafield ind1=" " ind2=" " tag="035"><subfield code="a">(swissbib)214909859-41slsp_network</subfield></datafield><datafield ind1=" " ind2=" " tag="035"><subfield code="a">214909859</subfield><subfield code="9">ExL</subfield></datafield><datafield ind1=" " ind2=" " tag="035"><subfield code="a">(RERO)0020877-41slsp</subfield></datafield><datafield ind1=" " ind2=" " tag="035"><subfield code="a">(NEBIS)009040917EBI01</subfield></datafield><datafield ind1=" " ind2=" " tag="035"><subfield code="a">(EXLNZ-41SLSP_NETWORK)991022512839705501</subfield></datafield><datafield ind1=" " ind2=" " tag="040"><subfield code="a">RERO</subfield><subfield code="d">CH-ZuSLS</subfield></datafield><datafield ind1=" " ind2=" " tag="044"><subfield code="a">sz</subfield><subfield code="c">ch-ge</subfield><subfield code="a">sz</subfield><subfield code="c">ch-vd</subfield></datafield><datafield ind1=" " ind2="7" tag="072"><subfield code="a">ba</subfield><subfield code="2">rero</subfield></datafield><datafield ind1="1" ind2=" " tag="100"><subfield code="a">Christe, Yves</subfield><subfield code="d">1939-....</subfield><subfield code="0">(IDREF)02678873X</subfield><subfield code="4">cre</subfield></datafield><datafield ind1="1" ind2="0" tag="245"><subfield code="a">&lt;&lt;Les&gt;&gt; grands portails romans</subfield><subfield code="b">Etudes sur l'iconologie des théophanies romanes</subfield><subfield code="c">Yves Christe</subfield></datafield><datafield ind1=" " ind2="1" tag="264"><subfield code="a">Genève</subfield><subfield code="b">Libr. Droz</subfield><subfield code="c">1969</subfield></datafield><datafield ind1=" " ind2="3" tag="264"><subfield code="a">[Lausanne]</subfield><subfield code="b">[Impr. Réunies]</subfield></datafield><datafield ind1=" " ind2=" " tag="300"><subfield code="a">204 p.</subfield><subfield code="b">ill.</subfield><subfield code="c">23 cm</subfield></datafield><datafield ind1=" " ind2=" " tag="336"><subfield code="b">txt</subfield><subfield code="2">rdacontent</subfield></datafield><datafield ind1=" " ind2=" " tag="337"><subfield code="b">n</subfield><subfield code="2">rdamedia</subfield></datafield><datafield ind1=" " ind2=" " tag="338"><subfield code="b">nc</subfield><subfield code="2">rdacarrier</subfield></datafield><datafield ind1="1" ind2=" " tag="490"><subfield code="a">Etudes et documents / Instituts d'histoire de la Faculté des lettres de Genève</subfield><subfield code="v">7</subfield></datafield><datafield ind1=" " ind2=" " tag="500"><subfield code="a">Kopftitel: Université de Genève. Faculté des lettres</subfield></datafield><datafield ind1=" " ind2=" " tag="502"><subfield code="a">Zugl.: Thèse Genève</subfield></datafield><datafield ind1=" " ind2="7" tag="650"><subfield code="a">Sculpture européenne</subfield><subfield code="0">(IDREF)028411749</subfield><subfield code="2">idref</subfield></datafield><datafield ind1=" " ind2="7" tag="650"><subfield code="a">théophanie</subfield><subfield code="0">(RERO)A009959224</subfield><subfield code="2">rerovoc</subfield></datafield><datafield ind1=" " ind2="7" tag="650"><subfield code="a">iconologie</subfield><subfield code="0">(RERO)A009997891</subfield><subfield code="2">rerovoc</subfield></datafield><datafield ind1=" " ind2="7" tag="650"><subfield code="a">roman (époque)</subfield><subfield code="0">(RERO)A009950860</subfield><subfield code="2">rerovoc</subfield></datafield><datafield ind1=" " ind2="7" tag="650"><subfield code="a">Portails (architecture)</subfield><subfield code="0">(IDREF)027243389</subfield><subfield code="2">idref</subfield></datafield><datafield ind1=" " ind2="7" tag="655"><subfield code="a">Hochschulschrift</subfield><subfield code="2">gnd-content</subfield></datafield><datafield ind1=" " ind2=" " tag="690"><subfield code="a">Portalplastik. Romanik</subfield><subfield code="2">uzb-US</subfield></datafield><datafield ind1=" " ind2=" " tag="690"><subfield code="a">Portal. Romanik</subfield><subfield code="2">uzb-US</subfield></datafield><datafield ind1=" " ind2=" " tag="690"><subfield code="a">Theophanie. Ikonografie</subfield><subfield code="2">uzb-US</subfield></datafield><datafield ind1=" " ind2=" " tag="830"><subfield code="a">Etudes et documents publiés par l'Institut d'histoire de la Faculté des lettres de l'Université de Genève</subfield><subfield code="v">7</subfield><subfield code="w">(RERO)0029166-41slsp</subfield></datafield><datafield ind1=" " ind2=" " tag="900"><subfield code="a">REROnoselfmerge</subfield></datafield><datafield ind1=" " ind2=" " tag="900"><subfield code="f">IDSU2medea</subfield></datafield><datafield ind1=" " ind2=" " tag="993"><subfield code="a">BFLA 119879</subfield><subfield code="x">ge/ulha/a/76/FLz308/7</subfield><subfield code="9">LOCAL</subfield></datafield><datafield ind1=" " ind2=" " tag="993"><subfield code="a">BFLA 55475</subfield><subfield code="x">ge/ulha/a/92/165</subfield><subfield code="9">LOCAL</subfield></datafield></record>
</metadata></record>