<record><header><identifier>oai:alma.41SLSP_UGE:991000006969705502</identifier><datestamp>2023-03-01T01:09:02Z</datestamp><setSpec>uge_bcen_RapidILL_BOOK</setSpec><setSpec>uge_aaca_RapidILL_BOOK</setSpec><setSpec>uge_abels_RapidILL_BOOK</setSpec><setSpec>uge_dbu_RapidILL_BOOK</setSpec><setSpec>uge_cmu_RapidILL_BOOK</setSpec><setSpec>uge_mail_RapidILL_BOOK</setSpec><setSpec>UNIGE_ALL</setSpec><setSpec>uge_abbat_RapidILL_BOOK</setSpec><setSpec>uge_acar_RapidILL_BOOK</setSpec><setSpec>uge_aobs_RapidILL_BOOK</setSpec></header><metadata>
<record xmlns="http://www.loc.gov/MARC21/slim" xmlns:xsi="http://www.w3.org/2001/XMLSchema-instance" xsi:schemaLocation="http://www.loc.gov/MARC21/slim http://www.loc.gov/standards/marcxml/schema/MARC21slim.xsd"><leader>02362nam a2200457 c 4500</leader><controlfield tag="001">991000006969705502</controlfield><controlfield tag="005">20230213203655.0</controlfield><controlfield tag="008">201012s2000    gw ||||| |||| 10| ||eng d</controlfield><datafield ind1=" " ind2=" " tag="020"><subfield code="a">3540672575</subfield><subfield code="c">kart. : DM 90.00</subfield></datafield><datafield ind1=" " ind2=" " tag="035"><subfield code="a">(swissbib)24001247X-41slsp_network</subfield></datafield><datafield ind1=" " ind2=" " tag="035"><subfield code="a">24001247X</subfield><subfield code="9">ExL</subfield></datafield><datafield ind1=" " ind2=" " tag="035"><subfield code="a">(RERO)R267514860-41slsp</subfield></datafield><datafield ind1=" " ind2=" " tag="035"><subfield code="a">(NEBIS)003882962EBI01</subfield></datafield><datafield ind1=" " ind2=" " tag="035"><subfield code="a">(EXLNZ-41SLSP_NETWORK)991071748359705501</subfield></datafield><datafield ind1=" " ind2=" " tag="040"><subfield code="a">RERO geucui</subfield><subfield code="d">CH-ZuSLS</subfield></datafield><datafield ind1=" " ind2="7" tag="072"><subfield code="a">in</subfield><subfield code="2">rero</subfield></datafield><datafield ind1="0" ind2="0" tag="245"><subfield code="a">Foundations of software science and computation structures</subfield><subfield code="b">third international conference, FOSSACS 2000 held as part of the joint European conferences on Theory and practice of software, ETAPS 2000, Berlin, Germany, March 25 - April 2, 2000 : proceedings</subfield><subfield code="c">Jerzy Tiuryn, (ed.)</subfield></datafield><datafield ind1="1" ind2=" " tag="246"><subfield code="a">Theory and practice of software</subfield></datafield><datafield ind1="1" ind2=" " tag="246"><subfield code="a">FOSSACS 2000</subfield></datafield><datafield ind1=" " ind2="1" tag="264"><subfield code="a">Berlin [etc.]</subfield><subfield code="b">Springer</subfield><subfield code="c">2000</subfield></datafield><datafield ind1=" " ind2=" " tag="300"><subfield code="a">X, 390 p.</subfield><subfield code="b">ill.</subfield><subfield code="c">24 cm</subfield></datafield><datafield ind1=" " ind2=" " tag="336"><subfield code="b">txt</subfield><subfield code="2">rdacontent</subfield></datafield><datafield ind1=" " ind2=" " tag="337"><subfield code="b">n</subfield><subfield code="2">rdamedia</subfield></datafield><datafield ind1=" " ind2=" " tag="338"><subfield code="b">nc</subfield><subfield code="2">rdacarrier</subfield></datafield><datafield ind1="1" ind2=" " tag="490"><subfield code="a">Lecture notes in computer science</subfield><subfield code="v">1784</subfield></datafield><datafield ind1=" " ind2=" " tag="500"><subfield code="a">Variante du titre: FOSSACS 2000</subfield></datafield><datafield ind1=" " ind2=" " tag="500"><subfield code="a">Nom complet du congrès: Foundations of Software Science and Computation Structures</subfield></datafield><datafield ind1=" " ind2="7" tag="650"><subfield code="a">informatique théorique</subfield><subfield code="0">(RERO)A010098673</subfield><subfield code="2">rerovoc</subfield></datafield><datafield ind1=" " ind2="7" tag="650"><subfield code="a">Logiciels</subfield><subfield code="0">(IDREF)027241408</subfield><subfield code="2">idref</subfield></datafield><datafield ind1=" " ind2="7" tag="650"><subfield code="a">THEORETISCHE INFORMATIK</subfield><subfield code="9">ger</subfield><subfield code="0">(ETHUDK)000052054</subfield><subfield code="2">ethudk</subfield></datafield><datafield ind1=" " ind2="7" tag="650"><subfield code="a">THEORIE DER PROGRAMMIERUNG</subfield><subfield code="9">ger</subfield><subfield code="0">(ETHUDK)000013697</subfield><subfield code="2">ethudk</subfield></datafield><datafield ind1=" " ind2="7" tag="655"><subfield code="a">Actes de congrès</subfield><subfield code="0">(IDREF)02886431X</subfield><subfield code="2">idref</subfield></datafield><datafield ind1=" " ind2="7" tag="655"><subfield code="a">Konferenzschrift</subfield><subfield code="z">Berlin (ab 3.10.1990)</subfield><subfield code="y">2000</subfield><subfield code="2">gnd-content</subfield></datafield><datafield ind1="1" ind2=" " tag="700"><subfield code="a">Tiuryn, Jerzy</subfield><subfield code="0">(IDREF)074745530</subfield></datafield><datafield ind1="2" ind2=" " tag="711"><subfield code="a">Foundations of Software Science and Computation Structures</subfield><subfield code="0">(DE-588)1092052372</subfield></datafield><datafield ind1="2" ind2=" " tag="711"><subfield code="a">European Joint Conferences on Theory and Practice of Software</subfield><subfield code="0">(DE-588)1092051732</subfield></datafield><datafield ind1="2" ind2=" " tag="711"><subfield code="a">Conference on Foundations of Software Science and Computation Structures</subfield><subfield code="n">3</subfield><subfield code="d">2000</subfield><subfield code="c">Berlin</subfield><subfield code="0">(RERO)A012469221</subfield></datafield><datafield ind1="2" ind2=" " tag="711"><subfield code="a">European Conferences on Theory and Practice of Software</subfield><subfield code="d">2000</subfield><subfield code="c">Berlin</subfield><subfield code="0">(RERO)A012469213</subfield></datafield><datafield ind1="4" ind2=" " tag="856"><subfield code="3">Abstract / Autoreninformation</subfield><subfield code="u">https://toc.library.ethz.ch/objects/pdf/000023463_e01_3540672575_02.pdf</subfield><subfield code="q">pdf</subfield></datafield><datafield ind1=" " ind2=" " tag="830"><subfield code="a">Lecture notes in computer science</subfield><subfield code="v">1784</subfield><subfield code="w">(RERO)0078255-41slsp</subfield></datafield><datafield ind1=" " ind2=" " tag="830"><subfield code="a">Lecture notes in computer science</subfield><subfield code="n">1 (1973) - 2999 (2004)</subfield><subfield code="v">1784</subfield><subfield code="w">(NEBIS)000025969EBI01</subfield></datafield><datafield ind1=" " ind2=" " tag="900"><subfield code="a">REROnoselfmerge</subfield></datafield></record>
</metadata></record>