<record><header><identifier>oai:alma.41SLSP_UGE:991000006759705502</identifier><datestamp>2023-06-27T00:15:24Z</datestamp><setSpec>uge_bcen_RapidILL_BOOK</setSpec><setSpec>uge_aaca_RapidILL_BOOK</setSpec><setSpec>uge_abels_RapidILL_BOOK</setSpec><setSpec>uge_dbu_RapidILL_BOOK</setSpec><setSpec>uge_cmu_RapidILL_BOOK</setSpec><setSpec>uge_mail_RapidILL_BOOK</setSpec><setSpec>uge_abbat_RapidILL_BOOK</setSpec><setSpec>UNIGE_ALL</setSpec><setSpec>uge_acar_RapidILL_BOOK</setSpec><setSpec>uge_aobs_RapidILL_BOOK</setSpec></header><metadata>
<record xmlns="http://www.loc.gov/MARC21/slim" xmlns:xsi="http://www.w3.org/2001/XMLSchema-instance" xsi:schemaLocation="http://www.loc.gov/MARC21/slim http://www.loc.gov/standards/marcxml/schema/MARC21slim.xsd"><leader>01119nam a2200301 c 4500</leader><controlfield tag="001">991000006759705502</controlfield><controlfield tag="005">20230625135701.0</controlfield><controlfield tag="008">080408m20019999gw ||||| |||| 00| ||ger d</controlfield><datafield ind1=" " ind2=" " tag="020"><subfield code="a">3775904743</subfield><subfield code="q">Bd. 2</subfield></datafield><datafield ind1=" " ind2=" " tag="035"><subfield code="a">(swissbib)106604120-41slsp_network</subfield></datafield><datafield ind1=" " ind2=" " tag="035"><subfield code="a">106604120</subfield><subfield code="9">ExL</subfield></datafield><datafield ind1=" " ind2=" " tag="035"><subfield code="a">(RERO)R004678487-41slsp</subfield></datafield><datafield ind1=" " ind2=" " tag="035"><subfield code="a">(EXLNZ-41SLSP_NETWORK)991112328529705501</subfield></datafield><datafield ind1=" " ind2=" " tag="040"><subfield code="a">SzZuIDS NEBIS ZBZ</subfield><subfield code="d">CH-ZuSLS</subfield></datafield><datafield ind1=" " ind2="7" tag="072"><subfield code="a">go</subfield><subfield code="2">rero</subfield></datafield><datafield ind1="1" ind2=" " tag="100"><subfield code="a">Chod, Kathrin</subfield><subfield code="0">(RERO)A013892236</subfield><subfield code="4">cre</subfield></datafield><datafield ind1="1" ind2="0" tag="245"><subfield code="a">Berliner Bezirkslexikon</subfield><subfield code="c">Kathrin Chod, Herbert Schwenk, Hainer Weisspflug ; hrsg. von Hans-Jürgen Mende und Kurt Wernicke</subfield></datafield><datafield ind1=" " ind2="1" tag="264"><subfield code="a">Berlin</subfield><subfield code="b">Stapp Verlag</subfield><subfield code="c">2001-</subfield></datafield><datafield ind1=" " ind2=" " tag="300"><subfield code="a">Band 1-</subfield></datafield><datafield ind1=" " ind2=" " tag="336"><subfield code="b">txt</subfield><subfield code="2">rdacontent</subfield></datafield><datafield ind1=" " ind2=" " tag="337"><subfield code="b">n</subfield><subfield code="2">rdamedia</subfield></datafield><datafield ind1=" " ind2=" " tag="338"><subfield code="b">nc</subfield><subfield code="2">rdacarrier</subfield></datafield><datafield ind1=" " ind2=" " tag="500"><subfield code="a">Ab Band 2 ersch. im Verlag: Berlin : Haude und Spener</subfield></datafield><datafield ind1="0" ind2=" " tag="505"><subfield code="a">Bd. 2: Friedrichshain-Kreuzberg</subfield></datafield><datafield ind1=" " ind2="7" tag="651"><subfield code="a">Berlin (Allemagne)</subfield><subfield code="0">(IDREF)027427536</subfield><subfield code="2">idref</subfield></datafield><datafield ind1=" " ind2="7" tag="655"><subfield code="a">Dictionnaires</subfield><subfield code="2">idref</subfield><subfield code="0">(IDREF)027232050</subfield></datafield><datafield ind1="1" ind2=" " tag="700"><subfield code="a">Mende, Hans-Jürgen</subfield><subfield code="0">(RERO)A003583029</subfield></datafield><datafield ind1="1" ind2=" " tag="700"><subfield code="a">Schwenk, Herbert</subfield><subfield code="0">(RERO)A003813188</subfield></datafield><datafield ind1="1" ind2=" " tag="700"><subfield code="a">Weisspflug, Hainer</subfield><subfield code="0">(RERO)A013892239</subfield></datafield></record>
</metadata></record>