<record><header><identifier>oai:alma.41SLSP_UGE:991000006339705502</identifier><datestamp>2023-03-01T01:09:02Z</datestamp><setSpec>uge_bcen_RapidILL_BOOK</setSpec><setSpec>uge_aaca_RapidILL_BOOK</setSpec><setSpec>uge_abels_RapidILL_BOOK</setSpec><setSpec>uge_dbu_RapidILL_BOOK</setSpec><setSpec>uge_cmu_RapidILL_BOOK</setSpec><setSpec>uge_mail_RapidILL_BOOK</setSpec><setSpec>UNIGE_ALL</setSpec><setSpec>uge_abbat_RapidILL_BOOK</setSpec><setSpec>uge_aobs_RapidILL_BOOK</setSpec><setSpec>uge_acar_RapidILL_BOOK</setSpec></header><metadata>
<record xmlns="http://www.loc.gov/MARC21/slim" xmlns:xsi="http://www.w3.org/2001/XMLSchema-instance" xsi:schemaLocation="http://www.loc.gov/MARC21/slim http://www.loc.gov/standards/marcxml/schema/MARC21slim.xsd"><leader>01598nam a2200445uc 4500</leader><controlfield tag="001">991000006339705502</controlfield><controlfield tag="005">20201222234848.0</controlfield><controlfield tag="008">201012s1993    sp     |      00| ||spa|d</controlfield><datafield ind1=" " ind2=" " tag="020"><subfield code="a">8470396749</subfield></datafield><datafield ind1=" " ind2=" " tag="035"><subfield code="a">(swissbib)242128475-41slsp_network</subfield></datafield><datafield ind1=" " ind2=" " tag="035"><subfield code="a">242128475</subfield><subfield code="9">ExL</subfield></datafield><datafield ind1=" " ind2=" " tag="035"><subfield code="a">(NEBIS)001527918EBI01</subfield></datafield><datafield ind1=" " ind2=" " tag="035"><subfield code="a">(IDSBB)001186534DSV01</subfield></datafield><datafield ind1=" " ind2=" " tag="035"><subfield code="a">(RERO)2173130-41slsp</subfield></datafield><datafield ind1=" " ind2=" " tag="035"><subfield code="a">(EXLNZ-41SLSP_NETWORK)991134085129705501</subfield></datafield><datafield ind1=" " ind2=" " tag="040"><subfield code="a">ZBZ</subfield><subfield code="b">ger</subfield><subfield code="e">ETHICS-ISBD</subfield><subfield code="d">CH-ZuSLS</subfield></datafield><datafield ind1=" " ind2="7" tag="072"><subfield code="a">ir</subfield><subfield code="2">SzZuIDS BS/BE</subfield></datafield><datafield ind1=" " ind2="7" tag="072"><subfield code="a">lg</subfield><subfield code="2">rero</subfield></datafield><datafield ind1="0" ind2="4" tag="082"><subfield code="a">460</subfield></datafield><datafield ind1="0" ind2="4" tag="082"><subfield code="a">860.9</subfield></datafield><datafield ind1="0" ind2="4" tag="082"><subfield code="a">868.992009</subfield></datafield><datafield ind1="0" ind2="0" tag="245"><subfield code="a">Lingüística</subfield><subfield code="c">editado por Ralph Penny</subfield></datafield><datafield ind1=" " ind2="1" tag="264"><subfield code="a">, 1993</subfield></datafield><datafield ind1=" " ind2=" " tag="300"><subfield code="a">XVIII, 325 p.</subfield><subfield code="b">ill.</subfield><subfield code="c">24 cm</subfield></datafield><datafield ind1=" " ind2=" " tag="336"><subfield code="b">txt</subfield><subfield code="2">rdacontent</subfield></datafield><datafield ind1=" " ind2=" " tag="337"><subfield code="b">n</subfield><subfield code="2">rdamedia</subfield></datafield><datafield ind1=" " ind2=" " tag="338"><subfield code="b">nc</subfield><subfield code="2">rdacarrier</subfield></datafield><datafield ind1="1" ind2=" " tag="490"><subfield code="a">Actas del primer Congreso Anglo-Hispano</subfield><subfield code="v">tomo 1</subfield></datafield><datafield ind1=" " ind2="7" tag="650"><subfield code="a">Geschichte</subfield><subfield code="0">(DE-588)4020517-4</subfield><subfield code="2">gnd</subfield></datafield><datafield ind1=" " ind2="7" tag="650"><subfield code="a">Hispanoamerikanisch</subfield><subfield code="0">(DE-588)4159976-7</subfield><subfield code="2">gnd</subfield></datafield><datafield ind1=" " ind2="7" tag="650"><subfield code="a">Kongress</subfield><subfield code="0">(DE-588)4130470-6</subfield><subfield code="2">gnd</subfield></datafield><datafield ind1=" " ind2="7" tag="650"><subfield code="a">Literatur</subfield><subfield code="0">(DE-588)4035964-5</subfield><subfield code="2">gnd</subfield></datafield><datafield ind1=" " ind2="7" tag="650"><subfield code="a">Spanisch</subfield><subfield code="0">(DE-588)4077640-2</subfield><subfield code="2">gnd</subfield></datafield><datafield ind1=" " ind2="0" tag="650"><subfield code="a">Spanish American literature</subfield><subfield code="x">History and criticism</subfield><subfield code="v">Congresses</subfield></datafield><datafield ind1=" " ind2="0" tag="650"><subfield code="a">Spanish philology</subfield><subfield code="v">Congresses</subfield></datafield><datafield ind1="1" ind2=" " tag="700"><subfield code="a">Penny, Ralph John</subfield><subfield code="d">1940-....</subfield><subfield code="0">(IDREF)030596777</subfield></datafield><datafield ind1="1" ind2=" " tag="700"><subfield code="a">Penny, Ralph J.</subfield><subfield code="d">1940-</subfield><subfield code="0">(DE-588)14228713X</subfield></datafield><datafield ind1="2" ind2=" " tag="711"><subfield code="a">Congreso anglo-hispano</subfield><subfield code="n">1</subfield><subfield code="d">1992</subfield><subfield code="c">La Rábida</subfield><subfield code="0">(RERO)A012313429</subfield></datafield><datafield ind1=" " ind2=" " tag="830"><subfield code="a">Actas del Primer Congreso Anglo-Hispano</subfield><subfield code="v">1</subfield><subfield code="w">(NEBIS)001527914EBI01</subfield></datafield><datafield ind1=" " ind2=" " tag="830"><subfield code="a">Actas del primer Congreso anglo-hispano</subfield><subfield code="v">1</subfield><subfield code="w">(IDSBB)001186528DSV01</subfield></datafield><datafield ind1=" " ind2=" " tag="900"><subfield code="a">REROnoselfmerge</subfield></datafield><datafield ind1=" " ind2=" " tag="993"><subfield code="a">BFLA 103692/1</subfield><subfield code="x">ge/ules/a/96/116</subfield><subfield code="9">LOCAL</subfield></datafield></record>
</metadata></record>