<record><header><identifier>oai:alma.41SLSP_UGE:991000006859705502</identifier><datestamp>2023-03-01T01:09:02Z</datestamp><setSpec>uge_bcen_RapidILL_BOOK</setSpec><setSpec>uge_aaca_RapidILL_BOOK</setSpec><setSpec>uge_abels_RapidILL_BOOK</setSpec><setSpec>uge_dbu_RapidILL_BOOK</setSpec><setSpec>uge_cmu_RapidILL_BOOK</setSpec><setSpec>uge_mail_RapidILL_BOOK</setSpec><setSpec>UNIGE_ALL</setSpec><setSpec>uge_abbat_RapidILL_BOOK</setSpec><setSpec>uge_aobs_RapidILL_BOOK</setSpec><setSpec>uge_acar_RapidILL_BOOK</setSpec></header><metadata>
<record xmlns="http://www.loc.gov/MARC21/slim" xmlns:xsi="http://www.w3.org/2001/XMLSchema-instance" xsi:schemaLocation="http://www.loc.gov/MARC21/slim http://www.loc.gov/standards/marcxml/schema/MARC21slim.xsd"><leader>01114nam a2200289 c 4500</leader><controlfield tag="001">991000006859705502</controlfield><controlfield tag="005">20230120183706.0</controlfield><controlfield tag="008">890328s1955    gr ||||| |||| 00| ||fre d</controlfield><datafield ind1=" " ind2=" " tag="035"><subfield code="a">(swissbib)083629351-41slsp_network</subfield></datafield><datafield ind1=" " ind2=" " tag="035"><subfield code="a">083629351</subfield><subfield code="9">ExL</subfield></datafield><datafield ind1=" " ind2=" " tag="035"><subfield code="a">(RERO)1094169-41slsp</subfield></datafield><datafield ind1=" " ind2=" " tag="035"><subfield code="a">(EXLNZ-41SLSP_NETWORK)991092650009705501</subfield></datafield><datafield ind1=" " ind2=" " tag="040"><subfield code="a">RERO neubfl</subfield><subfield code="d">CH-ZuSLS</subfield></datafield><datafield ind1=" " ind2="7" tag="072"><subfield code="a">ar</subfield><subfield code="2">rero</subfield></datafield><datafield ind1="0" ind2="0" tag="245"><subfield code="a">Guide du Musée byzantin d'Athènes</subfield><subfield code="c">G. Sotiriou</subfield></datafield><datafield ind1=" " ind2=" " tag="250"><subfield code="a">Nouv. éd. abrégée</subfield><subfield code="b">par Anne Hadjinicolaou</subfield></datafield><datafield ind1=" " ind2="1" tag="264"><subfield code="a">[Lieu de publication non identifié]</subfield><subfield code="b">[éditeur non identifié]</subfield><subfield code="c">1955</subfield></datafield><datafield ind1=" " ind2="3" tag="264"><subfield code="a">Athènes</subfield><subfield code="b">Impr. Myrtidis</subfield></datafield><datafield ind1=" " ind2=" " tag="300"><subfield code="a">42 p., 40 p. de pl.</subfield><subfield code="b">ill.</subfield><subfield code="c">22 cm</subfield></datafield><datafield ind1=" " ind2=" " tag="336"><subfield code="b">txt</subfield><subfield code="2">rdacontent</subfield></datafield><datafield ind1=" " ind2=" " tag="337"><subfield code="b">n</subfield><subfield code="2">rdamedia</subfield></datafield><datafield ind1=" " ind2=" " tag="338"><subfield code="b">nc</subfield><subfield code="2">rdacarrier</subfield></datafield><datafield ind1="2" ind2="7" tag="610"><subfield code="a">Byzantine &amp; Christian museum</subfield><subfield code="g">Athènes</subfield><subfield code="0">(IDREF)032125496</subfield><subfield code="2">idref</subfield></datafield><datafield ind1=" " ind2="7" tag="655"><subfield code="a">Guides pratiques</subfield><subfield code="0">(IDREF)027790045</subfield><subfield code="2">idref</subfield></datafield><datafield ind1="1" ind2=" " tag="700"><subfield code="a">Sōtīriou, Geōrgios A.</subfield><subfield code="d">1880-1956</subfield><subfield code="0">(IDREF)085773581</subfield></datafield><datafield ind1="1" ind2=" " tag="700"><subfield code="a">Marava-Chatzēnikolaou, Anna</subfield><subfield code="d">1911-2005</subfield><subfield code="0">(IDREF)128732075</subfield></datafield><datafield ind1="2" ind2=" " tag="710"><subfield code="a">Musée byzantin (Athēna)</subfield><subfield code="0">(RERO)A004005815</subfield></datafield><datafield ind1=" " ind2=" " tag="900"><subfield code="a">REROnoselfmerge</subfield></datafield><datafield ind1=" " ind2=" " tag="990"><subfield code="a">geulne</subfield><subfield code="9">LOCAL</subfield></datafield></record>
</metadata></record>