<record><header><identifier>oai:alma.41SLSP_UGE:991000007169705502</identifier><datestamp>2023-03-01T01:09:02Z</datestamp><setSpec>uge_bcen_RapidILL_BOOK</setSpec><setSpec>uge_aaca_RapidILL_BOOK</setSpec><setSpec>uge_abels_RapidILL_BOOK</setSpec><setSpec>uge_dbu_RapidILL_BOOK</setSpec><setSpec>uge_cmu_RapidILL_BOOK</setSpec><setSpec>uge_mail_RapidILL_BOOK</setSpec><setSpec>UNIGE_ALL</setSpec><setSpec>uge_abbat_RapidILL_BOOK</setSpec><setSpec>uge_aobs_RapidILL_BOOK</setSpec><setSpec>uge_acar_RapidILL_BOOK</setSpec></header><metadata>
<record xmlns="http://www.loc.gov/MARC21/slim" xmlns:xsi="http://www.w3.org/2001/XMLSchema-instance" xsi:schemaLocation="http://www.loc.gov/MARC21/slim http://www.loc.gov/standards/marcxml/schema/MARC21slim.xsd"><leader>01043nam a2200265 c 4500</leader><controlfield tag="001">991000007169705502</controlfield><controlfield tag="005">20201227142648.0</controlfield><controlfield tag="008">011122s2001    it ||||| |||| 00| ||ita d</controlfield><datafield ind1=" " ind2=" " tag="035"><subfield code="a">(swissbib)097334936-41slsp_network</subfield></datafield><datafield ind1=" " ind2=" " tag="035"><subfield code="a">097334936</subfield><subfield code="9">ExL</subfield></datafield><datafield ind1=" " ind2=" " tag="035"><subfield code="a">(RERO)R003118514-41slsp</subfield></datafield><datafield ind1=" " ind2=" " tag="035"><subfield code="a">(EXLNZ-41SLSP_NETWORK)991145371079705501</subfield></datafield><datafield ind1=" " ind2=" " tag="040"><subfield code="a">RERO neubfl</subfield><subfield code="d">CH-ZuSLS</subfield></datafield><datafield ind1=" " ind2="7" tag="072"><subfield code="a">lg</subfield><subfield code="2">rero</subfield></datafield><datafield ind1="1" ind2=" " tag="100"><subfield code="a">Barbieri, Daniele</subfield><subfield code="d">1957-....</subfield><subfield code="0">(IDREF)031099017</subfield><subfield code="4">cre</subfield></datafield><datafield ind1="1" ind2="0" tag="245"><subfield code="a">&lt;&lt;Il&gt;&gt; comico</subfield><subfield code="b">approcci semiotici</subfield><subfield code="c">Daniele Barbieri, Giovanni Bottiroli, Alessandro Perissinotto</subfield></datafield><datafield ind1=" " ind2="1" tag="264"><subfield code="a">Urbino</subfield><subfield code="b">Università di Urbino</subfield><subfield code="c">2001</subfield></datafield><datafield ind1=" " ind2=" " tag="300"><subfield code="a">52 p.</subfield><subfield code="b">ill.</subfield><subfield code="c">24 cm</subfield></datafield><datafield ind1=" " ind2=" " tag="336"><subfield code="b">txt</subfield><subfield code="2">rdacontent</subfield></datafield><datafield ind1=" " ind2=" " tag="337"><subfield code="b">n</subfield><subfield code="2">rdamedia</subfield></datafield><datafield ind1=" " ind2=" " tag="338"><subfield code="b">nc</subfield><subfield code="2">rdacarrier</subfield></datafield><datafield ind1="1" ind2=" " tag="490"><subfield code="a">Documenti di lavoro e pre-pubblicazioni. Serie B, Semiotica narrativa e discorsiva, retorica</subfield><subfield code="v">303-304-305</subfield></datafield><datafield ind1="1" ind2=" " tag="700"><subfield code="a">Bottiroli, Giovanni</subfield><subfield code="d">1951-....</subfield><subfield code="0">(IDREF)076184927</subfield></datafield><datafield ind1="1" ind2=" " tag="700"><subfield code="a">Perissinotto, Alessandro</subfield><subfield code="d">1964-....</subfield><subfield code="0">(IDREF)061557617</subfield></datafield><datafield ind1=" " ind2=" " tag="830"><subfield code="a">Documents de travail et pré-publications</subfield><subfield code="v">303/304/305</subfield><subfield code="w">(RERO)0806731-41slsp</subfield></datafield><datafield ind1=" " ind2=" " tag="900"><subfield code="a">REROnoselfmerge</subfield></datafield></record>
</metadata></record>