<record><header><identifier>oai:alma.41SLSP_UGE:991000007089705502</identifier><datestamp>2023-06-26T00:15:06Z</datestamp><setSpec>UNIGE_ALL</setSpec></header><metadata>
<record xmlns="http://www.loc.gov/MARC21/slim" xmlns:xsi="http://www.w3.org/2001/XMLSchema-instance" xsi:schemaLocation="http://www.loc.gov/MARC21/slim http://www.loc.gov/standards/marcxml/schema/MARC21slim.xsd"><leader>01649ngm a2200385 c 4500</leader><controlfield tag="001">991000007089705502</controlfield><controlfield tag="005">20230625172943.0</controlfield><controlfield tag="007">vd |v||||</controlfield><controlfield tag="008">080901s2007    xxu||| |          v|eng d</controlfield><datafield ind1="4" ind2="2" tag="028"><subfield code="a">116312</subfield></datafield><datafield ind1=" " ind2=" " tag="035"><subfield code="a">(swissbib)107092050-41slsp_network</subfield></datafield><datafield ind1=" " ind2=" " tag="035"><subfield code="a">107092050</subfield><subfield code="9">ExL</subfield></datafield><datafield ind1=" " ind2=" " tag="035"><subfield code="a">(RERO)R004761411-41slsp</subfield></datafield><datafield ind1=" " ind2=" " tag="035"><subfield code="a">(EXLNZ-41SLSP_NETWORK)991160627889705501</subfield></datafield><datafield ind1=" " ind2=" " tag="040"><subfield code="a">RERO geumed</subfield><subfield code="d">CH-ZuSLS</subfield></datafield><datafield ind1=" " ind2="7" tag="072"><subfield code="a">ba</subfield><subfield code="2">rero</subfield></datafield><datafield ind1="0" ind2="0" tag="245"><subfield code="a">&lt;&lt;Les&gt;&gt; affranchis</subfield><subfield code="c">un film de Martin Scorsese ; based on the book &quot;Wiseguy&quot; by Nicholas Pileggi ; screenplay by Nicholas Pileggi &amp; Martin Scorsese ; prod. par Irwin Winkler</subfield></datafield><datafield ind1="1" ind2=" " tag="246"><subfield code="a">GoodFellas</subfield></datafield><datafield ind1=" " ind2="1" tag="264"><subfield code="a">[Lieu de publication non identifié]</subfield><subfield code="b">Warner Bros. Entertainment</subfield><subfield code="c">2007</subfield></datafield><datafield ind1=" " ind2=" " tag="300"><subfield code="a">1 DVD vidéo</subfield><subfield code="b">couleur NTSC</subfield></datafield><datafield ind1=" " ind2=" " tag="336"><subfield code="b">tdi</subfield><subfield code="2">rdacontent</subfield></datafield><datafield ind1=" " ind2=" " tag="337"><subfield code="b">v</subfield><subfield code="2">rdamedia</subfield></datafield><datafield ind1=" " ind2=" " tag="338"><subfield code="b">vd</subfield><subfield code="2">rdacarrier</subfield></datafield><datafield ind1=" " ind2=" " tag="500"><subfield code="a">Titre original: GoodFellas</subfield></datafield><datafield ind1=" " ind2=" " tag="500"><subfield code="a">Choix de langues: Anglais, Français. Choix de sous-titres: Anglais, français, espagnol.</subfield></datafield><datafield ind1=" " ind2=" " tag="500"><subfield code="a">Widescreen version (zone 1)</subfield></datafield><datafield ind1=" " ind2=" " tag="500"><subfield code="a">Une prod.: Warner Bros., cop. 1990</subfield></datafield><datafield ind1=" " ind2=" " tag="500"><subfield code="a">Durée du film: 146 min.</subfield></datafield><datafield ind1=" " ind2=" " tag="500"><subfield code="a">Données vidéo</subfield></datafield><datafield ind1=" " ind2=" " tag="508"><subfield code="a">Montage Thelma Schoonmaker ; prod. des décors Kristi Zea ; dir. de la photogr. Michael Ballhaus ; prod. exécutif Barbara De Fina</subfield></datafield><datafield ind1="0" ind2=" " tag="511"><subfield code="a">Robert De Niro ; Ray Liotta ; Joe Pesci ; Lorraine Bracco ; Paul Sorvino... [et al.]</subfield></datafield><datafield ind1=" " ind2="7" tag="655"><subfield code="a">DVD</subfield><subfield code="0">(IDREF)035108444</subfield><subfield code="2">idref</subfield></datafield><datafield ind1=" " ind2="7" tag="655"><subfield code="a">Films de fiction</subfield><subfield code="0">(IDREF)14779644X</subfield><subfield code="2">idref</subfield></datafield><datafield ind1="1" ind2=" " tag="700"><subfield code="a">Scorsese, Martin</subfield><subfield code="d">1942-....</subfield><subfield code="0">(IDREF)035111968</subfield></datafield><datafield ind1="1" ind2=" " tag="700"><subfield code="a">Pileggi, Nicholas</subfield><subfield code="d">1933-....</subfield><subfield code="0">(IDREF)061119024</subfield></datafield><datafield ind1="1" ind2=" " tag="700"><subfield code="a">Winkler, Irwin</subfield><subfield code="0">(RERO)A003979830</subfield></datafield></record>
</metadata></record>