<record><header><identifier>oai:alma.41SLSP_UGE:991000006669705502</identifier><datestamp>2023-03-17T01:52:03Z</datestamp><setSpec>uge_bcen_RapidILL_BOOK</setSpec><setSpec>uge_aaca_RapidILL_BOOK</setSpec><setSpec>uge_abels_RapidILL_BOOK</setSpec><setSpec>uge_dbu_RapidILL_BOOK</setSpec><setSpec>uge_cmu_RapidILL_BOOK</setSpec><setSpec>uge_mail_RapidILL_BOOK</setSpec><setSpec>uge_abbat_RapidILL_BOOK</setSpec><setSpec>UNIGE_ALL</setSpec><setSpec>uge_aobs_RapidILL_BOOK</setSpec><setSpec>uge_acar_RapidILL_BOOK</setSpec></header><metadata>
<record xmlns="http://www.loc.gov/MARC21/slim" xmlns:xsi="http://www.w3.org/2001/XMLSchema-instance" xsi:schemaLocation="http://www.loc.gov/MARC21/slim http://www.loc.gov/standards/marcxml/schema/MARC21slim.xsd"><leader>02162nam a22004457c 4500</leader><controlfield tag="001">991000006669705502</controlfield><controlfield tag="005">20230316210932.0</controlfield><controlfield tag="008">201012s2003    gw ||||| |||| 10| ||eng d</controlfield><datafield ind1=" " ind2=" " tag="020"><subfield code="a">3540204997</subfield></datafield><datafield ind1=" " ind2=" " tag="035"><subfield code="a">(swissbib)241120373-41slsp_network</subfield></datafield><datafield ind1=" " ind2=" " tag="035"><subfield code="a">241120373</subfield><subfield code="9">ExL</subfield></datafield><datafield ind1=" " ind2=" " tag="035"><subfield code="a">(RERO)R003557299-41slsp</subfield></datafield><datafield ind1=" " ind2=" " tag="035"><subfield code="a">(NEBIS)004651893EBI01</subfield></datafield><datafield ind1=" " ind2=" " tag="035"><subfield code="a">(EXLNZ-41SLSP_NETWORK)991059354059705501</subfield></datafield><datafield ind1=" " ind2=" " tag="040"><subfield code="a">RERO geucui</subfield><subfield code="d">CH-ZuSLS</subfield></datafield><datafield ind1=" " ind2="7" tag="072"><subfield code="a">in</subfield><subfield code="2">rero</subfield></datafield><datafield ind1="0" ind2="0" tag="245"><subfield code="a">Discrete geometry for computer imagery</subfield><subfield code="b">11th international conference, DGCI 2003, Naples, Italy, November 19-21, 2003 : proceedings</subfield><subfield code="c">Ingela Nyström, Gabriella Sanniti di Baja, Stina Svensson, (eds.)</subfield></datafield><datafield ind1="1" ind2=" " tag="246"><subfield code="a">DGCI 2003</subfield></datafield><datafield ind1=" " ind2="1" tag="264"><subfield code="a">Berlin [etc.]</subfield><subfield code="b">Springer</subfield><subfield code="c">2003</subfield></datafield><datafield ind1=" " ind2=" " tag="300"><subfield code="a">XII, 556 p.</subfield><subfield code="b">ill.</subfield><subfield code="c">24 cm</subfield></datafield><datafield ind1=" " ind2=" " tag="336"><subfield code="b">txt</subfield><subfield code="2">rdacontent</subfield></datafield><datafield ind1=" " ind2=" " tag="337"><subfield code="b">n</subfield><subfield code="2">rdamedia</subfield></datafield><datafield ind1=" " ind2=" " tag="338"><subfield code="b">nc</subfield><subfield code="2">rdacarrier</subfield></datafield><datafield ind1="1" ind2=" " tag="490"><subfield code="a">Lecture notes in computer science</subfield><subfield code="v">2886</subfield></datafield><datafield ind1=" " ind2=" " tag="500"><subfield code="a">Variante du titre: DGCI 2003</subfield></datafield><datafield ind1=" " ind2="7" tag="650"><subfield code="a">Géométrie discrète</subfield><subfield code="0">(IDREF)032326378</subfield><subfield code="2">idref</subfield></datafield><datafield ind1=" " ind2="7" tag="650"><subfield code="a">Traitement d'images</subfield><subfield code="0">(IDREF)027234657</subfield><subfield code="2">idref</subfield></datafield><datafield ind1=" " ind2="7" tag="650"><subfield code="a">COMPUTER AIDED GEOMETRIC DESIGN</subfield><subfield code="9">ger</subfield><subfield code="0">(ETHUDK)000054763</subfield><subfield code="2">ethudk</subfield></datafield><datafield ind1=" " ind2="7" tag="650"><subfield code="a">COMPUTERGRAFIK</subfield><subfield code="9">ger</subfield><subfield code="0">(ETHUDK)000034723</subfield><subfield code="2">ethudk</subfield></datafield><datafield ind1=" " ind2="7" tag="650"><subfield code="a">COMPUTERVISION (KÜNSTLICHE INTELLIGENZ)</subfield><subfield code="9">ger</subfield><subfield code="0">(ETHUDK)000040001</subfield><subfield code="2">ethudk</subfield></datafield><datafield ind1=" " ind2="7" tag="650"><subfield code="a">KONVEXE GEOMETRIE + DISKRETE GEOMETRIE</subfield><subfield code="9">ger</subfield><subfield code="0">(ETHUDK)000053722</subfield><subfield code="2">ethudk</subfield></datafield><datafield ind1=" " ind2="7" tag="655"><subfield code="a">Actes de congrès</subfield><subfield code="0">(IDREF)02886431X</subfield><subfield code="2">idref</subfield></datafield><datafield ind1=" " ind2="7" tag="655"><subfield code="a">Konferenzschrift</subfield><subfield code="z">Napoli</subfield><subfield code="y">2003</subfield><subfield code="2">gnd-content</subfield></datafield><datafield ind1="1" ind2=" " tag="700"><subfield code="a">Nyström, Ingela</subfield><subfield code="d">1967-</subfield><subfield code="0">(DE-588)1200500768</subfield><subfield code="6">880-02</subfield></datafield><datafield ind1="1" ind2=" " tag="880"><subfield code="6">700-02</subfield><subfield code="a">Nyström, Ingela</subfield><subfield code="d">1967-....</subfield><subfield code="0">(IDREF)060278161</subfield></datafield><datafield ind1="2" ind2=" " tag="711"><subfield code="a">International Conference on Discrete Geometry for Computer Imagery</subfield><subfield code="0">(DE-588)1092037624</subfield></datafield><datafield ind1="2" ind2=" " tag="711"><subfield code="a">Conference on Discrete Geometry for Computer Imagery</subfield><subfield code="n">11</subfield><subfield code="d">2003</subfield><subfield code="c">Napoli</subfield><subfield code="0">(RERO)A012390608</subfield></datafield><datafield ind1="4" ind2=" " tag="856"><subfield code="3">Abstract / Autoreninformation</subfield><subfield code="u">https://toc.library.ethz.ch/objects/pdf/000072773_e01_3540204997_02.pdf</subfield><subfield code="q">pdf</subfield></datafield><datafield ind1=" " ind2=" " tag="830"><subfield code="a">Lecture notes in computer science</subfield><subfield code="n">1 (1973) - 2999 (2004)</subfield><subfield code="v">2886</subfield><subfield code="w">(NEBIS)000025969EBI01</subfield></datafield><datafield ind1=" " ind2=" " tag="830"><subfield code="a">Lecture notes in computer science</subfield><subfield code="v">2886</subfield><subfield code="w">(RERO)0078255-41slsp</subfield></datafield><datafield ind1=" " ind2=" " tag="900"><subfield code="a">REROnoselfmerge</subfield></datafield></record>
</metadata></record>