<record><header><identifier>oai:alma.41SLSP_UGE:991000006769705502</identifier><datestamp>2023-03-27T00:14:22Z</datestamp><setSpec>uge_bcen_RapidILL_BOOK</setSpec><setSpec>uge_aaca_RapidILL_BOOK</setSpec><setSpec>uge_abels_RapidILL_BOOK</setSpec><setSpec>uge_dbu_RapidILL_BOOK</setSpec><setSpec>uge_cmu_RapidILL_BOOK</setSpec><setSpec>uge_mail_RapidILL_BOOK</setSpec><setSpec>uge_abbat_RapidILL_BOOK</setSpec><setSpec>UNIGE_ALL</setSpec><setSpec>uge_aobs_RapidILL_BOOK</setSpec><setSpec>uge_acar_RapidILL_BOOK</setSpec></header><metadata>
<record xmlns="http://www.loc.gov/MARC21/slim" xmlns:xsi="http://www.w3.org/2001/XMLSchema-instance" xsi:schemaLocation="http://www.loc.gov/MARC21/slim http://www.loc.gov/standards/marcxml/schema/MARC21slim.xsd"><leader>01424nam a2200373 c 4500</leader><controlfield tag="001">991000006769705502</controlfield><controlfield tag="005">20230326210505.0</controlfield><controlfield tag="008">180117s2017    it ||||| |||| 00| ||ita d</controlfield><datafield ind1=" " ind2=" " tag="020"><subfield code="a">9788832930191</subfield><subfield code="c">16.00 EUR</subfield></datafield><datafield ind1=" " ind2=" " tag="035"><subfield code="a">(swissbib)124485812-41slsp_network</subfield></datafield><datafield ind1=" " ind2=" " tag="035"><subfield code="a">124485812</subfield><subfield code="9">ExL</subfield></datafield><datafield ind1=" " ind2=" " tag="035"><subfield code="a">(RERO)R008752828-41slsp</subfield></datafield><datafield ind1=" " ind2=" " tag="035"><subfield code="a">(EXLNZ-41SLSP_NETWORK)991020885449705501</subfield></datafield><datafield ind1=" " ind2=" " tag="040"><subfield code="a">ItFiC</subfield><subfield code="e">rda</subfield><subfield code="d">CH-ZuSLS</subfield></datafield><datafield ind1=" " ind2="0" tag="050"><subfield code="a">PQ4835.I7</subfield><subfield code="b">Z67563 2017</subfield></datafield><datafield ind1=" " ind2="7" tag="072"><subfield code="a">it</subfield><subfield code="2">rero</subfield></datafield><datafield ind1="1" ind2=" " tag="100"><subfield code="a">Mezi, Fulvia</subfield><subfield code="d">1992-</subfield><subfield code="0">(RERO)A027306160</subfield><subfield code="4">cre</subfield></datafield><datafield ind1="1" ind2="0" tag="245"><subfield code="a">&quot;C'è anche in me un padre che piange&quot;</subfield><subfield code="b">Luigi Pirandello figlio e padre</subfield><subfield code="c">Fulvia Mezi</subfield></datafield><datafield ind1=" " ind2="1" tag="264"><subfield code="a">Roma</subfield><subfield code="b">Universitalia</subfield><subfield code="c">2017</subfield></datafield><datafield ind1=" " ind2=" " tag="300"><subfield code="a">197 pages</subfield><subfield code="c">22 cm</subfield></datafield><datafield ind1=" " ind2=" " tag="336"><subfield code="b">txt</subfield><subfield code="2">rdacontent</subfield></datafield><datafield ind1=" " ind2=" " tag="337"><subfield code="b">n</subfield><subfield code="2">rdamedia</subfield></datafield><datafield ind1=" " ind2=" " tag="338"><subfield code="b">nc</subfield><subfield code="2">rdacarrier</subfield></datafield><datafield ind1=" " ind2=" " tag="504"><subfield code="a">Includes bibliographical references</subfield></datafield><datafield ind1="1" ind2="0" tag="600"><subfield code="a">Pirandello, Luigi</subfield><subfield code="d">1867-1936</subfield><subfield code="x">Family</subfield></datafield><datafield ind1="0" ind2="7" tag="600"><subfield code="a">Pirandello</subfield><subfield code="c">(famille)</subfield><subfield code="0">(RERO)A027042060</subfield><subfield code="2">rero</subfield></datafield><datafield ind1="1" ind2="7" tag="600"><subfield code="a">Pirandello, Luigi</subfield><subfield code="d">1867-1936</subfield><subfield code="0">(IDREF)027074951</subfield><subfield code="2">idref</subfield></datafield><datafield ind1=" " ind2="0" tag="650"><subfield code="a">Authors, Italian</subfield><subfield code="y">19th century</subfield><subfield code="v">Biography</subfield></datafield><datafield ind1=" " ind2="0" tag="650"><subfield code="a">Authors, Italian</subfield><subfield code="y">20th century</subfield><subfield code="v">Biography</subfield></datafield><datafield ind1=" " ind2="0" tag="650"><subfield code="a">Fathers and sons in literature</subfield></datafield><datafield ind1=" " ind2="7" tag="650"><subfield code="a">Paternité</subfield><subfield code="0">(IDREF)050610465</subfield><subfield code="2">idref</subfield></datafield><datafield ind1="4" ind2="2" tag="856"><subfield code="3">Table of contents only</subfield><subfield code="u">http://www.loc.gov/catdir/toc/casalini16/4149636.pdf</subfield></datafield><datafield ind1=" " ind2=" " tag="900"><subfield code="a">REROnoselfmerge</subfield></datafield><datafield ind1=" " ind2=" " tag="910"><subfield code="a">LOC</subfield><subfield code="b">20180117</subfield><subfield code="c">Droits réservés</subfield></datafield><datafield ind1=" " ind2=" " tag="949"><subfield code="a">http://www.loc.gov/catdir/toc/casalini16/4149636.pdf</subfield></datafield><datafield ind1=" " ind2=" " tag="993"><subfield code="a">BFLA 282741</subfield><subfield code="x">ge/ulit/a/18/106</subfield><subfield code="9">LOCAL</subfield></datafield></record>
</metadata></record>