<record><header><identifier>oai:alma.41SLSP_UGE:991000006269705502</identifier><datestamp>2023-04-13T00:11:45Z</datestamp><setSpec>uge_bcen_RapidILL_BOOK</setSpec><setSpec>uge_aaca_RapidILL_BOOK</setSpec><setSpec>uge_abels_RapidILL_BOOK</setSpec><setSpec>uge_dbu_RapidILL_BOOK</setSpec><setSpec>uge_cmu_RapidILL_BOOK</setSpec><setSpec>uge_mail_RapidILL_BOOK</setSpec><setSpec>uge_abbat_RapidILL_BOOK</setSpec><setSpec>UNIGE_ALL</setSpec><setSpec>uge_aobs_RapidILL_BOOK</setSpec><setSpec>uge_acar_RapidILL_BOOK</setSpec></header><metadata>
<record xmlns="http://www.loc.gov/MARC21/slim" xmlns:xsi="http://www.w3.org/2001/XMLSchema-instance" xsi:schemaLocation="http://www.loc.gov/MARC21/slim http://www.loc.gov/standards/marcxml/schema/MARC21slim.xsd"><leader>02895nam a2200721 c 4500</leader><controlfield tag="001">991000006269705502</controlfield><controlfield tag="005">20230412172538.0</controlfield><controlfield tag="008">201011s2010    it ||||| |||| 00| ||ita d</controlfield><datafield ind1=" " ind2=" " tag="010"><subfield code="a">2010356590</subfield></datafield><datafield ind1=" " ind2=" " tag="020"><subfield code="a">9788842091974</subfield></datafield><datafield ind1=" " ind2=" " tag="020"><subfield code="a">8842091979</subfield></datafield><datafield ind1=" " ind2=" " tag="035"><subfield code="a">(swissbib)226469425-41slsp_network</subfield></datafield><datafield ind1=" " ind2=" " tag="035"><subfield code="a">226469425</subfield><subfield code="9">ExL</subfield></datafield><datafield ind1=" " ind2=" " tag="035"><subfield code="a">(RERO)R006305414-41slsp</subfield></datafield><datafield ind1=" " ind2=" " tag="035"><subfield code="a">(IDSBB)005297905DSV01</subfield></datafield><datafield ind1=" " ind2=" " tag="035"><subfield code="a">(NEBIS)006006312EBI01</subfield></datafield><datafield ind1=" " ind2=" " tag="035"><subfield code="a">(OCoLC)515405406</subfield></datafield><datafield ind1=" " ind2=" " tag="035"><subfield code="a">(EXLNZ-41SLSP_NETWORK)991070055029705501</subfield></datafield><datafield ind1=" " ind2=" " tag="040"><subfield code="a">RERO geulit</subfield><subfield code="d">CH-ZuSLS</subfield></datafield><datafield ind1=" " ind2=" " tag="050"><subfield code="a">PC1856</subfield><subfield code="b">.F67 2010</subfield></datafield><datafield ind1=" " ind2="7" tag="072"><subfield code="a">it</subfield><subfield code="2">rero</subfield></datafield><datafield ind1=" " ind2="7" tag="072"><subfield code="a">it</subfield><subfield code="2">SzZuIDS BS/BE</subfield></datafield><datafield ind1="0" ind2="4" tag="082"><subfield code="a">457</subfield><subfield code="2">21</subfield></datafield><datafield ind1="0" ind2="4" tag="082"><subfield code="a">457.4</subfield></datafield><datafield ind1="1" ind2="4" tag="082"><subfield code="a">457</subfield><subfield code="2">21</subfield></datafield><datafield ind1=" " ind2=" " tag="084"><subfield code="a">IS 8370</subfield><subfield code="2">rvk</subfield></datafield><datafield ind1="1" ind2=" " tag="100"><subfield code="a">Foresti, Fabio</subfield><subfield code="0">(IDREF)028352025</subfield><subfield code="4">cre</subfield></datafield><datafield ind1="1" ind2="0" tag="245"><subfield code="a">Profilo linguistico dell'Emilia Romagna</subfield><subfield code="c">Fabio Foresti</subfield></datafield><datafield ind1=" " ind2="1" tag="264"><subfield code="a">Roma</subfield><subfield code="b">Laterza</subfield><subfield code="c">cop. 2010 (impr. 2009)</subfield></datafield><datafield ind1=" " ind2=" " tag="300"><subfield code="a">xiv, 242 p.</subfield><subfield code="b">ill., maps</subfield></datafield><datafield ind1=" " ind2=" " tag="336"><subfield code="b">txt</subfield><subfield code="2">rdacontent</subfield></datafield><datafield ind1=" " ind2=" " tag="337"><subfield code="b">n</subfield><subfield code="2">rdamedia</subfield></datafield><datafield ind1=" " ind2=" " tag="338"><subfield code="b">nc</subfield><subfield code="2">rdacarrier</subfield></datafield><datafield ind1="1" ind2=" " tag="490"><subfield code="a">Profili linguistici delle regioni</subfield></datafield><datafield ind1="1" ind2=" " tag="490"><subfield code="a">Manuali Laterza</subfield><subfield code="v">298</subfield></datafield><datafield ind1=" " ind2=" " tag="504"><subfield code="a">Includes bibliographical references (p. [225]-239)</subfield></datafield><datafield ind1=" " ind2="7" tag="648"><subfield code="a">Geschichte</subfield><subfield code="2">gnd</subfield></datafield><datafield ind1=" " ind2="7" tag="648"><subfield code="a">Geschichte (umfassend)</subfield><subfield code="2">idszbz</subfield></datafield><datafield ind1=" " ind2="7" tag="650"><subfield code="a">Émilien-romagnol (dialecte)</subfield><subfield code="0">(IDREF)027594815</subfield><subfield code="2">idref</subfield></datafield><datafield ind1=" " ind2="7" tag="650"><subfield code="a">Italien (langue)</subfield><subfield code="0">(IDREF)027278239</subfield><subfield code="2">idref</subfield></datafield><datafield ind1=" " ind2="7" tag="650"><subfield code="a">Dialectologie</subfield><subfield code="0">(IDREF)027284441</subfield><subfield code="2">idref</subfield></datafield><datafield ind1=" " ind2="7" tag="650"><subfield code="a">romagnol (dialecte)</subfield><subfield code="0">(RERO)A010142110</subfield><subfield code="2">rerovoc</subfield></datafield><datafield ind1=" " ind2="7" tag="650"><subfield code="a">Italienische Sprache</subfield><subfield code="x">Regionalsprache</subfield><subfield code="z">Emilia Romagna</subfield><subfield code="2">idsbb</subfield></datafield><datafield ind1=" " ind2="7" tag="650"><subfield code="a">Italienische Sprache</subfield><subfield code="x">Dialekt</subfield><subfield code="z">Emilia Romagna</subfield><subfield code="2">idsbb</subfield></datafield><datafield ind1=" " ind2="7" tag="650"><subfield code="a">Sprachentwicklung</subfield><subfield code="0">(DE-588)4182511-1</subfield><subfield code="2">gnd</subfield></datafield><datafield ind1=" " ind2="7" tag="650"><subfield code="a">Dialektologie</subfield><subfield code="0">(DE-588)4040728-7</subfield><subfield code="2">gnd</subfield></datafield><datafield ind1=" " ind2="7" tag="650"><subfield code="a">Soziolinguistik</subfield><subfield code="0">(DE-588)4077623-2</subfield><subfield code="2">gnd</subfield></datafield><datafield ind1=" " ind2="7" tag="650"><subfield code="a">Emilianisch</subfield><subfield code="0">(DE-588)4152072-5</subfield><subfield code="2">gnd</subfield></datafield><datafield ind1=" " ind2="7" tag="650"><subfield code="a">Romagnolisch</subfield><subfield code="0">(DE-588)4178433-9</subfield><subfield code="2">gnd</subfield></datafield><datafield ind1=" " ind2="7" tag="650"><subfield code="a">Italienisch</subfield><subfield code="0">(DE-588)4114056-4</subfield><subfield code="2">gnd</subfield></datafield><datafield ind1=" " ind2="7" tag="650"><subfield code="a">Sprachentwicklung</subfield><subfield code="2">idszbz</subfield></datafield><datafield ind1=" " ind2="0" tag="650"><subfield code="a">Italian language</subfield><subfield code="x">Dialects</subfield><subfield code="z">Italy</subfield><subfield code="z">Emilia-Romagna</subfield></datafield><datafield ind1=" " ind2="7" tag="651"><subfield code="a">Émilie-Romagne (Italie)</subfield><subfield code="0">(IDREF)027233111</subfield><subfield code="2">idref</subfield></datafield><datafield ind1=" " ind2="7" tag="651"><subfield code="a">Emilia-Romagna</subfield><subfield code="0">(DE-588)4014571-2</subfield><subfield code="2">gnd</subfield></datafield><datafield ind1=" " ind2="7" tag="651"><subfield code="a">Emilia-Romagna</subfield><subfield code="2">idszbz</subfield></datafield><datafield ind1="4" ind2=" " tag="856"><subfield code="3">Titelblatt und Inhaltsverzeichnis</subfield><subfield code="u">https://toc.library.ethz.ch/objects/pdf/z01_978-88-420-9197-4_01.pdf</subfield><subfield code="q">pdf</subfield></datafield><datafield ind1=" " ind2="0" tag="830"><subfield code="a">Manuali Laterza</subfield><subfield code="v">298</subfield><subfield code="w">(NEBIS)000949264EBI01</subfield></datafield><datafield ind1=" " ind2="0" tag="830"><subfield code="a">Manuali Laterza</subfield><subfield code="v">298</subfield><subfield code="w">(IDSBB)000628971DSV01</subfield></datafield><datafield ind1=" " ind2="0" tag="830"><subfield code="a">Manuali Laterza</subfield><subfield code="v">298</subfield><subfield code="w">(RERO)1185220-41slsp</subfield></datafield><datafield ind1=" " ind2="0" tag="830"><subfield code="a">Profili linguistici delle regioni</subfield><subfield code="p">[Collezione scolastica]</subfield><subfield code="w">(IDSBB)002988486DSV01</subfield></datafield><datafield ind1=" " ind2="0" tag="830"><subfield code="a">Profili linguistici delle regioni</subfield><subfield code="w">(RERO)R003915083-41slsp</subfield></datafield><datafield ind1=" " ind2=" " tag="900"><subfield code="a">REROnoselfmerge</subfield></datafield><datafield ind1=" " ind2=" " tag="900"><subfield code="a">IDSZ2zbzmon201004f</subfield><subfield code="c">IDSZ2suse</subfield><subfield code="d">IDSZ2zbzswk201005b</subfield><subfield code="e">IDSZ2brua</subfield></datafield><datafield ind1=" " ind2=" " tag="949"><subfield code="a">https://toc.library.ethz.ch/objects/pdf/z01_978-88-420-9197-4_01.pdf</subfield></datafield><datafield ind1=" " ind2=" " tag="993"><subfield code="a">BFLA 228463</subfield><subfield code="x">ge/ulit/a/11/284</subfield><subfield code="9">LOCAL</subfield></datafield></record>
</metadata></record>