<record><header><identifier>oai:alma.41SLSP_UGE:991000006579705502</identifier><datestamp>2023-07-01T00:29:32Z</datestamp><setSpec>uge_bcen_RapidILL_BOOK</setSpec><setSpec>uge_aaca_RapidILL_BOOK</setSpec><setSpec>uge_abels_RapidILL_BOOK</setSpec><setSpec>uge_dbu_RapidILL_BOOK</setSpec><setSpec>uge_cmu_RapidILL_BOOK</setSpec><setSpec>uge_mail_RapidILL_BOOK</setSpec><setSpec>uge_abbat_RapidILL_BOOK</setSpec><setSpec>UNIGE_ALL</setSpec><setSpec>uge_acar_RapidILL_BOOK</setSpec><setSpec>uge_aobs_RapidILL_BOOK</setSpec></header><metadata>
<record xmlns="http://www.loc.gov/MARC21/slim" xmlns:xsi="http://www.w3.org/2001/XMLSchema-instance" xsi:schemaLocation="http://www.loc.gov/MARC21/slim http://www.loc.gov/standards/marcxml/schema/MARC21slim.xsd"><leader>01754nam a2200385 c 4500</leader><controlfield tag="001">991000006579705502</controlfield><controlfield tag="005">20230630215608.0</controlfield><controlfield tag="008">201011s1995    it ||||| |||| 00| ||ita d</controlfield><datafield ind1=" " ind2=" " tag="020"><subfield code="a">8813194595</subfield></datafield><datafield ind1=" " ind2=" " tag="035"><subfield code="a">(swissbib)217380441-41slsp_network</subfield></datafield><datafield ind1=" " ind2=" " tag="035"><subfield code="a">217380441</subfield><subfield code="9">ExL</subfield></datafield><datafield ind1=" " ind2=" " tag="035"><subfield code="a">(RERO)2215861-41slsp</subfield></datafield><datafield ind1=" " ind2=" " tag="035"><subfield code="a">(NEBIS)001636905EBI01</subfield></datafield><datafield ind1=" " ind2=" " tag="035"><subfield code="a">(EXLNZ-41SLSP_NETWORK)991084479569705501</subfield></datafield><datafield ind1=" " ind2=" " tag="040"><subfield code="a">RERO laisdc</subfield><subfield code="d">CH-ZuSLS</subfield></datafield><datafield ind1=" " ind2="7" tag="072"><subfield code="a">dr</subfield><subfield code="2">rero</subfield></datafield><datafield ind1=" " ind2=" " tag="084"><subfield code="a">A 97.3 h</subfield><subfield code="2">cjurrom</subfield></datafield><datafield ind1="1" ind2=" " tag="100"><subfield code="a">Lupone, Angela Maria Gabriella</subfield><subfield code="d">19..-....</subfield><subfield code="0">(IDREF)199388016</subfield><subfield code="4">cre</subfield></datafield><datafield ind1="1" ind2="0" tag="245"><subfield code="a">&lt;&lt;L'&gt;&gt;insolvenza transnazionale</subfield><subfield code="b">procedure concorsuali nello stato e beni all'estero</subfield><subfield code="c">Angela Lupone</subfield></datafield><datafield ind1=" " ind2="1" tag="264"><subfield code="a">Padova</subfield><subfield code="b">CEDAM</subfield><subfield code="c">1995</subfield></datafield><datafield ind1=" " ind2=" " tag="300"><subfield code="a">XVI, 309 p.</subfield><subfield code="c">24 cm</subfield></datafield><datafield ind1=" " ind2=" " tag="336"><subfield code="b">txt</subfield><subfield code="2">rdacontent</subfield></datafield><datafield ind1=" " ind2=" " tag="337"><subfield code="b">n</subfield><subfield code="2">rdamedia</subfield></datafield><datafield ind1=" " ind2=" " tag="338"><subfield code="b">nc</subfield><subfield code="2">rdacarrier</subfield></datafield><datafield ind1="1" ind2=" " tag="490"><subfield code="a">Studi e pubblicazioni della Rivista di diritto internazionale privato e processuale</subfield><subfield code="v">44</subfield></datafield><datafield ind1=" " ind2="7" tag="650"><subfield code="a">Schuldbetreibungs- und Konkursrecht</subfield><subfield code="9">ger</subfield><subfield code="0">(RERO)jurivoc000019724ger</subfield><subfield code="2">jurivoc</subfield></datafield><datafield ind1=" " ind2="7" tag="650"><subfield code="a">Betreibung auf Konkurs</subfield><subfield code="9">ger</subfield><subfield code="0">(RERO)jurivoc000003717ger</subfield><subfield code="2">jurivoc</subfield></datafield><datafield ind1=" " ind2="7" tag="650"><subfield code="a">Gesellschaft(Personen- und Kapitalvereinigung)</subfield><subfield code="9">ger</subfield><subfield code="0">(RERO)jurivoc000009843ger</subfield><subfield code="2">jurivoc</subfield></datafield><datafield ind1=" " ind2="7" tag="650"><subfield code="a">ausländisches Recht</subfield><subfield code="9">ger</subfield><subfield code="0">(RERO)jurivoc000002276ger</subfield><subfield code="2">jurivoc</subfield></datafield><datafield ind1=" " ind2="7" tag="650"><subfield code="a">Procédure (droit)</subfield><subfield code="0">(IDREF)027479625</subfield><subfield code="2">idref</subfield></datafield><datafield ind1=" " ind2="7" tag="650"><subfield code="a">Droit international privé</subfield><subfield code="0">(IDREF)02747433X</subfield><subfield code="2">idref</subfield></datafield><datafield ind1=" " ind2="7" tag="650"><subfield code="a">Faillite</subfield><subfield code="0">(IDREF)027606236</subfield><subfield code="2">idref</subfield></datafield><datafield ind1=" " ind2="7" tag="650"><subfield code="a">Internationales Konkursrecht</subfield><subfield code="2">idszbz</subfield></datafield><datafield ind1=" " ind2="7" tag="651"><subfield code="a">Italien</subfield><subfield code="2">idszbz</subfield></datafield><datafield ind1=" " ind2="0" tag="830"><subfield code="a">Studi e pubblicazioni della Rivista di diritto internazionale privato e processuale</subfield><subfield code="v">44</subfield><subfield code="w">(NEBIS)001005524EBI01</subfield></datafield><datafield ind1=" " ind2="0" tag="830"><subfield code="a">Studi e pubblicazioni della rivista di diritto internazionale privato e processuale</subfield><subfield code="v">44</subfield><subfield code="w">(RERO)0457718-41slsp</subfield></datafield></record>
</metadata></record>