<record><header><identifier>oai:alma.41SLSP_UGE:991000007199705502</identifier><datestamp>2023-03-19T01:12:47Z</datestamp><setSpec>uge_bcen_RapidILL_BOOK</setSpec><setSpec>uge_aaca_RapidILL_BOOK</setSpec><setSpec>uge_abels_RapidILL_BOOK</setSpec><setSpec>uge_dbu_RapidILL_BOOK</setSpec><setSpec>uge_cmu_RapidILL_BOOK</setSpec><setSpec>uge_mail_RapidILL_BOOK</setSpec><setSpec>uge_abbat_RapidILL_BOOK</setSpec><setSpec>UNIGE_ALL</setSpec><setSpec>uge_acar_RapidILL_BOOK</setSpec><setSpec>uge_aobs_RapidILL_BOOK</setSpec></header><metadata>
<record xmlns="http://www.loc.gov/MARC21/slim" xmlns:xsi="http://www.w3.org/2001/XMLSchema-instance" xsi:schemaLocation="http://www.loc.gov/MARC21/slim http://www.loc.gov/standards/marcxml/schema/MARC21slim.xsd"><leader>01525nam a22004337c 4500</leader><controlfield tag="001">991000007199705502</controlfield><controlfield tag="005">20230318135746.0</controlfield><controlfield tag="008">140521s1997    ag ||||| |||| 00| ||spa d</controlfield><datafield ind1=" " ind2=" " tag="020"><subfield code="a">9507530304</subfield></datafield><datafield ind1=" " ind2=" " tag="020"><subfield code="a">9789507530302</subfield></datafield><datafield ind1=" " ind2=" " tag="035"><subfield code="a">(swissbib)119740524-41slsp_network</subfield></datafield><datafield ind1=" " ind2=" " tag="035"><subfield code="a">119740524</subfield><subfield code="9">ExL</subfield></datafield><datafield ind1=" " ind2=" " tag="035"><subfield code="a">(RERO)R007742080-41slsp</subfield></datafield><datafield ind1=" " ind2=" " tag="035"><subfield code="a">(EXLNZ-41SLSP_NETWORK)991052719309705501</subfield></datafield><datafield ind1=" " ind2=" " tag="040"><subfield code="a">DLC</subfield><subfield code="d">CH-ZuSLS</subfield></datafield><datafield ind1=" " ind2="7" tag="072"><subfield code="a">es</subfield><subfield code="2">rero</subfield></datafield><datafield ind1="1" ind2=" " tag="100"><subfield code="a">Walsh, Rodolfo J.</subfield><subfield code="0">(RERO)A003956289</subfield><subfield code="4">cre</subfield></datafield><datafield ind1="1" ind2="0" tag="245"><subfield code="a">Cuentos brutales</subfield><subfield code="c">Rodolfo Walsh, Abelardo Castillo, Luisa Valenzuela</subfield></datafield><datafield ind1=" " ind2="1" tag="264"><subfield code="a">Buenos Aires, Argentina</subfield><subfield code="b">Cántaro Editores</subfield><subfield code="c">[1997]</subfield></datafield><datafield ind1=" " ind2="4" tag="264"><subfield code="c">© 1997</subfield></datafield><datafield ind1=" " ind2=" " tag="300"><subfield code="a">92 p.</subfield><subfield code="b">ports.</subfield><subfield code="c">19 cm</subfield></datafield><datafield ind1=" " ind2=" " tag="336"><subfield code="b">txt</subfield><subfield code="2">rdacontent</subfield></datafield><datafield ind1=" " ind2=" " tag="337"><subfield code="b">n</subfield><subfield code="2">rdamedia</subfield></datafield><datafield ind1=" " ind2=" " tag="338"><subfield code="b">nc</subfield><subfield code="2">rdacarrier</subfield></datafield><datafield ind1="1" ind2=" " tag="490"><subfield code="a">Colección del mirador</subfield><subfield code="v">122</subfield></datafield><datafield ind1=" " ind2=" " tag="504"><subfield code="a">Includes bibliographical references.</subfield></datafield><datafield ind1=" " ind2="0" tag="650"><subfield code="a">Chilean literature</subfield><subfield code="x">Explication</subfield></datafield><datafield ind1=" " ind2="0" tag="650"><subfield code="a">Discourse analysis, Literary</subfield></datafield><datafield ind1=" " ind2="0" tag="650"><subfield code="a">Short stories, Chilean</subfield><subfield code="x">History and criticism</subfield></datafield><datafield ind1=" " ind2="7" tag="650"><subfield code="a">Contes littéraires hispano-américains</subfield><subfield code="0">(IDREF)098902563</subfield><subfield code="2">idref</subfield></datafield><datafield ind1=" " ind2="7" tag="655"><subfield code="a">Anthologies</subfield><subfield code="0">(IDREF)027269493</subfield><subfield code="2">idref</subfield></datafield><datafield ind1=" " ind2="7" tag="655"><subfield code="a">Commentaire de texte</subfield><subfield code="0">(IDREF)027790681</subfield><subfield code="2">idref</subfield></datafield><datafield ind1="1" ind2="2" tag="700"><subfield code="a">Castillo, Abelardo</subfield><subfield code="t">Patrón</subfield></datafield><datafield ind1="1" ind2="2" tag="700"><subfield code="a">Valenzuela, Luisa</subfield><subfield code="t">Censores</subfield></datafield><datafield ind1="1" ind2="2" tag="700"><subfield code="a">Walsh, Rodolfo J</subfield><subfield code="t">Oscuro día de justicia</subfield></datafield><datafield ind1="1" ind2=" " tag="700"><subfield code="a">Castillo, Abelardo</subfield></datafield><datafield ind1="1" ind2=" " tag="700"><subfield code="a">Valenzuela, Luisa</subfield></datafield><datafield ind1=" " ind2="0" tag="830"><subfield code="a">Colección del mirador</subfield><subfield code="v">122</subfield></datafield><datafield ind1=" " ind2=" " tag="900"><subfield code="a">REROnoselfmerge</subfield></datafield><datafield ind1=" " ind2=" " tag="910"><subfield code="a">OCoLC</subfield><subfield code="b">20140521</subfield><subfield code="c">Droits réservés</subfield></datafield><datafield ind1=" " ind2=" " tag="993"><subfield code="a">BFLA 253995</subfield><subfield code="x">ge/ulhi/a/13/530</subfield><subfield code="9">LOCAL</subfield></datafield></record>
</metadata></record>