<record><header><identifier>oai:alma.41SLSP_UGE:991000006259705502</identifier><datestamp>2023-06-26T00:14:19Z</datestamp><setSpec>UNIGE_ALL</setSpec></header><metadata>
<record xmlns="http://www.loc.gov/MARC21/slim" xmlns:xsi="http://www.w3.org/2001/XMLSchema-instance" xsi:schemaLocation="http://www.loc.gov/MARC21/slim http://www.loc.gov/standards/marcxml/schema/MARC21slim.xsd"><leader>01734ngm a2200373 c 4500</leader><controlfield tag="001">991000006259705502</controlfield><controlfield tag="005">20230625102410.0</controlfield><controlfield tag="007">vd |v||||</controlfield><controlfield tag="008">051003s2005    fr ||| |          v|fre d</controlfield><datafield ind1=" " ind2=" " tag="035"><subfield code="a">(swissbib)102446385-41slsp_network</subfield></datafield><datafield ind1=" " ind2=" " tag="035"><subfield code="a">102446385</subfield><subfield code="9">ExL</subfield></datafield><datafield ind1=" " ind2=" " tag="035"><subfield code="a">(RERO)R003915380-41slsp</subfield></datafield><datafield ind1=" " ind2=" " tag="035"><subfield code="a">(EXLNZ-41SLSP_NETWORK)991160192299705501</subfield></datafield><datafield ind1=" " ind2=" " tag="040"><subfield code="a">RERO geumem</subfield><subfield code="d">CH-ZuSLS</subfield></datafield><datafield ind1=" " ind2="7" tag="072"><subfield code="a">sp</subfield><subfield code="2">rero</subfield></datafield><datafield ind1=" " ind2="7" tag="072"><subfield code="a">ht</subfield><subfield code="2">rero</subfield></datafield><datafield ind1="0" ind2="0" tag="245"><subfield code="a">Tokyo, le jour où la guerre s'arrêta</subfield><subfield code="b">le Japon sous les décombres</subfield><subfield code="c">réal. Serge Viallet</subfield></datafield><datafield ind1="1" ind2=" " tag="246"><subfield code="a">Japon sous les décombres</subfield></datafield><datafield ind1=" " ind2="1" tag="264"><subfield code="a">[Lieu de publication non identifié]</subfield><subfield code="b">Arte France</subfield><subfield code="b">Point du Jour [prod.]</subfield><subfield code="c">[2005]</subfield></datafield><datafield ind1=" " ind2="3" tag="264"><subfield code="a">Strasbourg</subfield><subfield code="b">Arte [diffuseur]</subfield><subfield code="c">2005</subfield></datafield><datafield ind1=" " ind2="4" tag="264"><subfield code="c">© 2005</subfield></datafield><datafield ind1=" " ind2=" " tag="300"><subfield code="a">2 DVD-R (55 min chacun)</subfield><subfield code="b">couleur PAL</subfield></datafield><datafield ind1=" " ind2=" " tag="336"><subfield code="b">tdi</subfield><subfield code="2">rdacontent</subfield></datafield><datafield ind1=" " ind2=" " tag="337"><subfield code="b">v</subfield><subfield code="2">rdamedia</subfield></datafield><datafield ind1=" " ind2=" " tag="338"><subfield code="b">vd</subfield><subfield code="2">rdacarrier</subfield></datafield><datafield ind1="1" ind2=" " tag="490"><subfield code="a">Les mercredis de l'histoire</subfield></datafield><datafield ind1=" " ind2=" " tag="500"><subfield code="a">Images d'archives de provenances diverses</subfield></datafield><datafield ind1=" " ind2=" " tag="500"><subfield code="a">Diffusés le 21 et 28 septembre 2005</subfield></datafield><datafield ind1=" " ind2=" " tag="500"><subfield code="a">Données vidéo</subfield></datafield><datafield ind1="8" ind2=" " tag="520"><subfield code="a">&quot;Ce double documentaire de Serge Viallet consacré à la fin de la seconde guerre mondiale dans le Pacifique, et plus précisément au Japon, retrace l'épopée coloniale et guerrière japonaise, de l'invasion de la Mandchourie en 1931 à la perte de l'Empire et les premières années de l'après-guerre, au moment où le Japon devient un pays exsangue et partiellement détruit.&quot;</subfield><subfield code="5">RERO/geumem/10.2005</subfield></datafield><datafield ind1=" " ind2="7" tag="650"><subfield code="a">Guerre mondiale (1939-1945)</subfield><subfield code="0">(IDREF)028047273</subfield><subfield code="2">idref</subfield></datafield><datafield ind1=" " ind2="7" tag="651"><subfield code="a">Japon</subfield><subfield code="0">(IDREF)027262162</subfield><subfield code="2">idref</subfield></datafield><datafield ind1=" " ind2="7" tag="655"><subfield code="a">DVD</subfield><subfield code="2">idref</subfield><subfield code="0">(IDREF)035108444</subfield></datafield><datafield ind1="1" ind2=" " tag="700"><subfield code="a">Viallet, Serge</subfield><subfield code="d">19..-....</subfield><subfield code="0">(IDREF)071208003</subfield></datafield><datafield ind1=" " ind2="0" tag="830"><subfield code="a">&lt;&lt;Les&gt;&gt; mercredis de l'histoire</subfield><subfield code="w">(RERO)2037503-41slsp</subfield></datafield></record>
</metadata></record>