<record><header><identifier>oai:alma.41SLSP_UGE:991000006489705502</identifier><datestamp>2023-03-29T00:17:32Z</datestamp><setSpec>uge_bcen_RapidILL_BOOK</setSpec><setSpec>uge_aaca_RapidILL_BOOK</setSpec><setSpec>uge_abels_RapidILL_BOOK</setSpec><setSpec>uge_dbu_RapidILL_BOOK</setSpec><setSpec>uge_cmu_RapidILL_BOOK</setSpec><setSpec>uge_mail_RapidILL_BOOK</setSpec><setSpec>uge_abbat_RapidILL_BOOK</setSpec><setSpec>UNIGE_ALL</setSpec><setSpec>uge_aobs_RapidILL_BOOK</setSpec><setSpec>uge_acar_RapidILL_BOOK</setSpec></header><metadata>
<record xmlns="http://www.loc.gov/MARC21/slim" xmlns:xsi="http://www.w3.org/2001/XMLSchema-instance" xsi:schemaLocation="http://www.loc.gov/MARC21/slim http://www.loc.gov/standards/marcxml/schema/MARC21slim.xsd"><leader>03734nam a22006252c 4500</leader><controlfield tag="001">991000006489705502</controlfield><controlfield tag="005">20230328214850.0</controlfield><controlfield tag="008">201011s2014    xxk||||| |||| 00| ||eng d</controlfield><datafield ind1=" " ind2=" " tag="010"><subfield code="a">2013038495</subfield></datafield><datafield ind1=" " ind2=" " tag="020"><subfield code="a">9781315796284</subfield><subfield code="q">ebk.</subfield></datafield><datafield ind1=" " ind2=" " tag="020"><subfield code="a">9780415816892</subfield><subfield code="q">hardback</subfield><subfield code="c">USD 145.00</subfield></datafield><datafield ind1=" " ind2=" " tag="020"><subfield code="a">0415816890</subfield><subfield code="q">hardback</subfield></datafield><datafield ind1=" " ind2=" " tag="035"><subfield code="a">(swissbib)211683833-41slsp_network</subfield></datafield><datafield ind1=" " ind2=" " tag="035"><subfield code="a">211683833</subfield><subfield code="9">ExL</subfield></datafield><datafield ind1=" " ind2=" " tag="035"><subfield code="a">(RERO)R007734504-41slsp</subfield></datafield><datafield ind1=" " ind2=" " tag="035"><subfield code="a">(NEBIS)010045554EBI01</subfield></datafield><datafield ind1=" " ind2=" " tag="035"><subfield code="a">(IDSLU)001142288ILU01</subfield></datafield><datafield ind1=" " ind2=" " tag="035"><subfield code="a">(OCoLC)864789610</subfield></datafield><datafield ind1=" " ind2=" " tag="035"><subfield code="a">(EXLNZ-41SLSP_NETWORK)991086442529705501</subfield></datafield><datafield ind1=" " ind2=" " tag="040"><subfield code="a">YDXCP</subfield><subfield code="d">CH-ZuSLS</subfield></datafield><datafield ind1=" " ind2=" " tag="050"><subfield code="a">JV7590</subfield><subfield code="b">.E8457 2014</subfield></datafield><datafield ind1=" " ind2="7" tag="072"><subfield code="a">sp</subfield><subfield code="2">rero</subfield></datafield><datafield ind1=" " ind2="7" tag="072"><subfield code="a">160</subfield><subfield code="2">IDS LU</subfield></datafield><datafield ind1="0" ind2="4" tag="082"><subfield code="a">364.1/37094</subfield><subfield code="2">23</subfield></datafield><datafield ind1=" " ind2=" " tag="084"><subfield code="a">POL000000</subfield><subfield code="2">bisacsh</subfield></datafield><datafield ind1=" " ind2=" " tag="084"><subfield code="a">MK 5205</subfield><subfield code="2">rvk</subfield></datafield><datafield ind1="0" ind2="0" tag="245"><subfield code="a">&lt;&lt;The&gt;&gt; EU, migration and the politics of administrative detention</subfield><subfield code="c">edited by Michela Ceccorulli and Nicola Labanca</subfield></datafield><datafield ind1="1" ind2=" " tag="246"><subfield code="a">European Union, migration and the politics of administrative detention</subfield></datafield><datafield ind1=" " ind2="1" tag="264"><subfield code="a">Abingdon, Oxon</subfield><subfield code="a">New York, NY</subfield><subfield code="b">Routledge</subfield><subfield code="c">2014</subfield></datafield><datafield ind1=" " ind2=" " tag="300"><subfield code="a">250 S.</subfield><subfield code="b">Ill.</subfield><subfield code="c">25 cm</subfield></datafield><datafield ind1=" " ind2=" " tag="336"><subfield code="b">txt</subfield><subfield code="2">rdacontent</subfield></datafield><datafield ind1=" " ind2=" " tag="337"><subfield code="b">n</subfield><subfield code="2">rdamedia</subfield></datafield><datafield ind1=" " ind2=" " tag="338"><subfield code="b">nc</subfield><subfield code="2">rdacarrier</subfield></datafield><datafield ind1="1" ind2=" " tag="490"><subfield code="a">Routledge advances in European politics</subfield><subfield code="v">104</subfield></datafield><datafield ind1=" " ind2=" " tag="504"><subfield code="a">Includes bibliographical references and index.</subfield></datafield><datafield ind1="0" ind2=" " tag="505"><subfield code="a">The EU's readmission policy in the neighbourhood : a comparative view on the southern Mediterranean and eastern Europe / Florian Trauner -- Immigration policy and detention as a solution for undocumented immigrants staying illegally in the EU / Marco Borraccetti -- Images of the immigrant : European public opinion and iImmigration / Pierangelo Isernia, Francesco Olmastroni -- The geography and history of camps / Nicola Labanca, Michela Ceccorulli -- Confinement practices of undocumented migrants at the borders of Europe : the case of Greece / Regina Mantanika -- Camps in Poland and Romania : accession to the EU, a step towards detention of foreigners / Eva Ottavy -- Immigrant detention and the double logic of securitization in Italy / Giuseppe Campesi -- Immigration detention in Turkey / Esra S. Kaytaz -- The Mediterranean as a buffer : confining irregular migrants in North Africa, Michela Ceccorulli -- Detention centres in Ukraine : a system for punishing and disciplining migrants and refugees / Franck Düvell -- The morality of detention : a philosophical outlook / Ermanno Vitale</subfield></datafield><datafield ind1="2" ind2="7" tag="610"><subfield code="a">Union européenne</subfield><subfield code="0">(IDREF)032486324</subfield><subfield code="2">idref</subfield></datafield><datafield ind1="2" ind2="7" tag="610"><subfield code="a">Europäische Union</subfield><subfield code="0">(DE-588)5098525-5</subfield><subfield code="2">gnd</subfield></datafield><datafield ind1=" " ind2="7" tag="650"><subfield code="a">Émigration et immigration</subfield><subfield code="0">(IDREF)027233103</subfield><subfield code="2">idref</subfield></datafield><datafield ind1=" " ind2="7" tag="650"><subfield code="a">Détention de personnes</subfield><subfield code="0">(IDREF)027829839</subfield><subfield code="2">idref</subfield></datafield><datafield ind1=" " ind2="0" tag="650"><subfield code="a">Alien detention centers</subfield><subfield code="z">European Union countries</subfield></datafield><datafield ind1=" " ind2="0" tag="650"><subfield code="a">Detention of persons</subfield><subfield code="z">European Union countries</subfield></datafield><datafield ind1=" " ind2="0" tag="650"><subfield code="a">Illegal aliens</subfield><subfield code="x">Government policy</subfield><subfield code="z">European Union countries</subfield></datafield><datafield ind1=" " ind2="7" tag="650"><subfield code="a">POLITICAL SCIENCE / General</subfield><subfield code="2">bisacsh</subfield></datafield><datafield ind1=" " ind2="7" tag="650"><subfield code="a">Abschiebungshaft</subfield><subfield code="0">(DE-588)4192185-9</subfield><subfield code="2">gnd</subfield></datafield><datafield ind1=" " ind2="7" tag="650"><subfield code="a">Illegale Einwanderung</subfield><subfield code="0">(DE-588)4288465-2</subfield><subfield code="2">gnd</subfield></datafield><datafield ind1=" " ind2="0" tag="651"><subfield code="a">European Union countries</subfield><subfield code="x">Emigration and immigration</subfield><subfield code="x">Government policy</subfield></datafield><datafield ind1=" " ind2="7" tag="655"><subfield code="a">Aufsatzsammlung</subfield><subfield code="2">gnd-content</subfield></datafield><datafield ind1="1" ind2=" " tag="700"><subfield code="a">Labanca, Nicola</subfield><subfield code="d">1957-....</subfield><subfield code="0">(IDREF)029928621</subfield></datafield><datafield ind1="1" ind2=" " tag="700"><subfield code="a">Ceccorulli, Michela</subfield><subfield code="0">(IDREF)178358460</subfield></datafield><datafield ind1="4" ind2=" " tag="856"><subfield code="3">Titelblatt und Inhaltsverzeichnis</subfield><subfield code="u">https://toc.library.ethz.ch/objects/pdf03/z01_978-0-415-81689-2_01.pdf</subfield><subfield code="q">pdf</subfield></datafield><datafield ind1=" " ind2="0" tag="830"><subfield code="a">Routledge advances in European politics</subfield><subfield code="v">104</subfield><subfield code="w">(RERO)R003106239-41slsp</subfield></datafield><datafield ind1=" " ind2=" " tag="900"><subfield code="a">REROnoselfmerge</subfield></datafield><datafield ind1=" " ind2=" " tag="900"><subfield code="a">IDSZ2zbzmon201405f</subfield><subfield code="c">IDSZ2cadu</subfield><subfield code="d">IDSZ2zbzswk201406b</subfield><subfield code="e">IDSZ2brue</subfield></datafield><datafield ind1=" " ind2=" " tag="910"><subfield code="a">OCoLC</subfield><subfield code="b">20140514</subfield><subfield code="c">Droits réservés</subfield></datafield><datafield ind1=" " ind2=" " tag="949"><subfield code="a">https://toc.library.ethz.ch/objects/pdf03/z01_978-0-415-81689-2_01.pdf</subfield></datafield><datafield ind1=" " ind2=" " tag="961"><subfield code="2">gsi</subfield><subfield code="a">325</subfield><subfield code="9">LOCAL</subfield></datafield></record>
</metadata></record>