<record><header><identifier>oai:alma.41SLSP_UGE:991000006799705502</identifier><datestamp>2023-08-24T00:29:12Z</datestamp><setSpec>uge_cmu_RapidILL_JOURNAL</setSpec><setSpec>uge_aobs_RapidILL_JOURNAL</setSpec><setSpec>uge_aaca_RapidILL_JOURNAL</setSpec><setSpec>uge_bcen_RapidILL_JOURNAL</setSpec><setSpec>uge_abbat_RapidILL_JOURNAL</setSpec><setSpec>uge_mail_RapidILL_JOURNAL</setSpec><setSpec>uge_dbu_RapidILL_JOURNAL</setSpec><setSpec>uge_abels_RapidILL_JOURNAL</setSpec><setSpec>UNIGE_ALL</setSpec><setSpec>uge_acar_RapidILL_JOURNAL</setSpec></header><metadata>
<record xmlns="http://www.loc.gov/MARC21/slim" xmlns:xsi="http://www.w3.org/2001/XMLSchema-instance" xsi:schemaLocation="http://www.loc.gov/MARC21/slim http://www.loc.gov/standards/marcxml/schema/MARC21slim.xsd"><leader>01652nas a2200433 c 4500</leader><controlfield tag="001">991000006799705502</controlfield><controlfield tag="005">20230823105714.0</controlfield><controlfield tag="008">201011c19859999xxu|| p|  ||| 0    0eng d</controlfield><datafield ind1=" " ind2=" " tag="019"><subfield code="a">KoFo: Zeitschrift mit S-Bestellung gemäss KoFo-Kriterien</subfield><subfield code="5">IDSBB/11.07.2008/kofo/bur</subfield></datafield><datafield ind1=" " ind2=" " tag="022"><subfield code="a">1059-986X</subfield></datafield><datafield ind1=" " ind2=" " tag="035"><subfield code="a">(swissbib)226393658-41slsp_network</subfield></datafield><datafield ind1=" " ind2=" " tag="035"><subfield code="a">226393658</subfield><subfield code="9">ExL</subfield></datafield><datafield ind1=" " ind2=" " tag="035"><subfield code="a">(RERO)0898707-41slsp</subfield></datafield><datafield ind1=" " ind2=" " tag="035"><subfield code="a">(IDSBB)000600145DSV01</subfield></datafield><datafield ind1=" " ind2=" " tag="035"><subfield code="a">(EXLNZ-41SLSP_NETWORK)991126259559705501</subfield></datafield><datafield ind1=" " ind2=" " tag="040"><subfield code="a">RERO frbcuc</subfield><subfield code="d">CH-ZuSLS</subfield></datafield><datafield ind1=" " ind2=" " tag="044"><subfield code="a">xxu</subfield><subfield code="a">xxk</subfield></datafield><datafield ind1=" " ind2="7" tag="072"><subfield code="a">ph</subfield><subfield code="2">rero</subfield></datafield><datafield ind1=" " ind2="7" tag="072"><subfield code="a">ph</subfield><subfield code="2">SzZuIDS BS/BE</subfield></datafield><datafield ind1=" " ind2="7" tag="072"><subfield code="a">kp</subfield><subfield code="2">SzZuIDS BS/BE</subfield></datafield><datafield ind1="0" ind2="0" tag="245"><subfield code="a">Proceedings of the Boston Area Colloquium in Ancient Philosophy</subfield></datafield><datafield ind1=" " ind2="1" tag="264"><subfield code="a">Lanham</subfield><subfield code="a">New York [etc.]</subfield><subfield code="b">Univ. Press of America</subfield><subfield code="c">[1985-&gt;]</subfield></datafield><datafield ind1=" " ind2="4" tag="264"><subfield code="c">© 1985-&gt;</subfield></datafield><datafield ind1=" " ind2=" " tag="300"><subfield code="c">23 cm</subfield></datafield><datafield ind1=" " ind2=" " tag="336"><subfield code="b">txt</subfield><subfield code="2">rdacontent</subfield></datafield><datafield ind1=" " ind2=" " tag="337"><subfield code="b">n</subfield><subfield code="2">rdamedia</subfield></datafield><datafield ind1=" " ind2=" " tag="338"><subfield code="b">nc</subfield><subfield code="2">rdacarrier</subfield></datafield><datafield ind1="0" ind2=" " tag="362"><subfield code="a">Vol. 1(1985)-&gt;</subfield></datafield><datafield ind1=" " ind2=" " tag="591"><subfield code="a">frbcuc</subfield><subfield code="b">Exemplaire d'archives</subfield></datafield><datafield ind1=" " ind2="7" tag="650"><subfield code="a">Philosophie</subfield><subfield code="0">(IDREF)027295206</subfield><subfield code="2">idref</subfield></datafield><datafield ind1=" " ind2="7" tag="650"><subfield code="a">Antiquité</subfield><subfield code="0">(IDREF)027789888</subfield><subfield code="2">idref</subfield></datafield><datafield ind1=" " ind2="7" tag="650"><subfield code="a">Philosophie grecque</subfield><subfield code="0">(IDREF)027284573</subfield><subfield code="2">idref</subfield></datafield><datafield ind1=" " ind2="7" tag="650"><subfield code="a">Philosophie</subfield><subfield code="y">Geschichte Altertum</subfield><subfield code="v">Kongressbericht</subfield><subfield code="2">idsbb</subfield></datafield><datafield ind1=" " ind2="7" tag="650"><subfield code="a">Philosophie</subfield><subfield code="y">Geschichte Altertum</subfield><subfield code="v">Zeitschrift</subfield><subfield code="2">idsbb</subfield></datafield><datafield ind1=" " ind2="7" tag="655"><subfield code="a">Périodiques</subfield><subfield code="0">(IDREF)02724640X</subfield><subfield code="2">idref</subfield></datafield><datafield ind1=" " ind2="7" tag="655"><subfield code="a">Zeitschrift</subfield><subfield code="2">gnd-content</subfield></datafield><datafield ind1="2" ind2=" " tag="710"><subfield code="a">Boston Area Colloquium in Ancient Philosophy</subfield><subfield code="0">(IDREF)05349525X</subfield></datafield><datafield ind1="0" ind2=" " tag="730"><subfield code="a">Boston Area Colloquium in Ancient Philosophy</subfield></datafield><datafield ind1="0" ind2="8" tag="776"><subfield code="i">Erscheint auch als</subfield><subfield code="n">Online-Ausgabe</subfield><subfield code="t">Proceedings of the Boston Area Colloquium in Ancient Philosophy</subfield><subfield code="x">2213-4417</subfield></datafield><datafield ind1=" " ind2=" " tag="900"><subfield code="a">REROnoselfmerge</subfield></datafield></record>
</metadata></record>