<record><header><identifier>oai:alma.41SLSP_UGE:991000007109705502</identifier><datestamp>2023-03-01T01:09:02Z</datestamp><setSpec>uge_bcen_RapidILL_BOOK</setSpec><setSpec>uge_aaca_RapidILL_BOOK</setSpec><setSpec>uge_abels_RapidILL_BOOK</setSpec><setSpec>uge_dbu_RapidILL_BOOK</setSpec><setSpec>uge_cmu_RapidILL_BOOK</setSpec><setSpec>uge_mail_RapidILL_BOOK</setSpec><setSpec>UNIGE_ALL</setSpec><setSpec>uge_abbat_RapidILL_BOOK</setSpec><setSpec>uge_aobs_RapidILL_BOOK</setSpec><setSpec>uge_acar_RapidILL_BOOK</setSpec></header><metadata>
<record xmlns="http://www.loc.gov/MARC21/slim" xmlns:xsi="http://www.w3.org/2001/XMLSchema-instance" xsi:schemaLocation="http://www.loc.gov/MARC21/slim http://www.loc.gov/standards/marcxml/schema/MARC21slim.xsd"><leader>01684nam a22003972c 4500</leader><controlfield tag="001">991000007109705502</controlfield><controlfield tag="005">20210207120810.0</controlfield><controlfield tag="008">150323s2007    cc ||||| |||| 00| ||chi d</controlfield><datafield ind1=" " ind2=" " tag="020"><subfield code="a">7301111983</subfield></datafield><datafield ind1=" " ind2=" " tag="020"><subfield code="a">9787301111987</subfield></datafield><datafield ind1=" " ind2=" " tag="035"><subfield code="a">(swissbib)121367169-41slsp_network</subfield></datafield><datafield ind1=" " ind2=" " tag="035"><subfield code="a">121367169</subfield><subfield code="9">ExL</subfield></datafield><datafield ind1=" " ind2=" " tag="035"><subfield code="a">(RERO)R008103000-41slsp</subfield></datafield><datafield ind1=" " ind2=" " tag="035"><subfield code="a">(EXLNZ-41SLSP_NETWORK)991160252869705501</subfield></datafield><datafield ind1=" " ind2=" " tag="040"><subfield code="a">HUA</subfield><subfield code="d">CH-ZuSLS</subfield></datafield><datafield ind1=" " ind2="4" tag="050"><subfield code="a">PL2443</subfield><subfield code="b">.Z464 2007</subfield></datafield><datafield ind1=" " ind2="7" tag="072"><subfield code="a">or</subfield><subfield code="2">rero</subfield></datafield><datafield ind1="0" ind2="0" tag="245"><subfield code="6">880-01</subfield><subfield code="a">Zhongguo dang dai tong su xiao shuo shi lun</subfield><subfield code="c">Tang Zhesheng zhu bian</subfield></datafield><datafield ind1="0" ind2="0" tag="880"><subfield code="6">245-01/$1</subfield><subfield code="a">中国当代通俗小说史论</subfield><subfield code="c">汤哲声主编</subfield></datafield><datafield ind1="1" ind2=" " tag="246"><subfield code="a">Zhongguo dangdai tongsu xiaoshuo shilun</subfield></datafield><datafield ind1=" " ind2=" " tag="250"><subfield code="6">880-02</subfield><subfield code="a">Di 1 ban</subfield></datafield><datafield ind1=" " ind2=" " tag="880"><subfield code="6">250-02/$1</subfield><subfield code="a">第1版</subfield></datafield><datafield ind1=" " ind2="1" tag="264"><subfield code="6">880-03</subfield><subfield code="a">Beijing Shi</subfield><subfield code="b">Beijing da xue chu ban she</subfield><subfield code="c">2007</subfield></datafield><datafield ind1=" " ind2="1" tag="880"><subfield code="6">264-03/$1</subfield><subfield code="a">北京市</subfield><subfield code="b">北京大学出版社</subfield><subfield code="c">2007</subfield></datafield><datafield ind1=" " ind2=" " tag="300"><subfield code="a">6, 413 p.</subfield><subfield code="c">23 cm</subfield></datafield><datafield ind1=" " ind2=" " tag="336"><subfield code="b">txt</subfield><subfield code="2">rdacontent</subfield></datafield><datafield ind1=" " ind2=" " tag="337"><subfield code="b">n</subfield><subfield code="2">rdamedia</subfield></datafield><datafield ind1=" " ind2=" " tag="338"><subfield code="b">nc</subfield><subfield code="2">rdacarrier</subfield></datafield><datafield ind1="1" ind2=" " tag="490"><subfield code="6">880-04</subfield><subfield code="a">21 shi ji chuang xin xi lie jiao cai</subfield></datafield><datafield ind1="0" ind2=" " tag="880"><subfield code="6">490-04/$1</subfield><subfield code="a">21世纪创新系列教材</subfield></datafield><datafield ind1=" " ind2=" " tag="504"><subfield code="a">Includes bibliographical references: p. 411-413</subfield></datafield><datafield ind1=" " ind2="0" tag="650"><subfield code="a">Chinese fiction</subfield><subfield code="y">20th century</subfield><subfield code="x">History and criticism</subfield></datafield><datafield ind1="1" ind2=" " tag="700"><subfield code="6">880-05</subfield><subfield code="a">Tang, Zhesheng</subfield><subfield code="0">(IDREF)169633845</subfield></datafield><datafield ind1="0" ind2=" " tag="880"><subfield code="6">700-05/$1</subfield><subfield code="a">汤哲声</subfield><subfield code="d">1956-</subfield></datafield><datafield ind1=" " ind2="0" tag="830"><subfield code="a">未名21世纪创新系列教材</subfield></datafield><datafield ind1=" " ind2=" " tag="900"><subfield code="a">REROnoselfmerge</subfield></datafield><datafield ind1=" " ind2=" " tag="910"><subfield code="a">OCoLC</subfield><subfield code="b">20150323</subfield><subfield code="c">Droits réservés</subfield></datafield></record>
</metadata></record>