<record><header><identifier>oai:alma.41SLSP_UGE:991000006379705502</identifier><datestamp>2024-11-01T01:15:38Z</datestamp><setSpec>uge_bcen_RapidILL_BOOK</setSpec><setSpec>uge_aaca_RapidILL_BOOK</setSpec><setSpec>uge_abels_RapidILL_BOOK</setSpec><setSpec>uge_dbu_RapidILL_BOOK</setSpec><setSpec>uge_cmu_RapidILL_BOOK</setSpec><setSpec>uge_mail_RapidILL_BOOK</setSpec><setSpec>uge_abbat_RapidILL_BOOK</setSpec><setSpec>UNIGE_ALL</setSpec><setSpec>uge_acar_RapidILL_BOOK</setSpec><setSpec>uge_aobs_RapidILL_BOOK</setSpec></header><metadata>
<record xmlns="http://www.loc.gov/MARC21/slim" xmlns:xsi="http://www.w3.org/2001/XMLSchema-instance" xsi:schemaLocation="http://www.loc.gov/MARC21/slim http://www.loc.gov/standards/marcxml/schema/MARC21slim.xsd"><leader>01206naa a2200289 c 4500</leader><controlfield tag="001">991000006379705502</controlfield><controlfield tag="005">20241031114152.0</controlfield><controlfield tag="008">170616s2017    sz ||||| |||| 00| ||eng d</controlfield><datafield ind1=" " ind2=" " tag="035"><subfield code="a">(swissbib)123943892-41slsp_network</subfield></datafield><datafield ind1=" " ind2=" " tag="035"><subfield code="a">123943892</subfield><subfield code="9">ExL</subfield></datafield><datafield ind1=" " ind2=" " tag="035"><subfield code="a">(RERO)R008667321-41slsp</subfield></datafield><datafield ind1=" " ind2=" " tag="035"><subfield code="a">(EXLNZ-41SLSP_NETWORK)991098633509705501</subfield></datafield><datafield ind1=" " ind2=" " tag="040"><subfield code="a">RERO geubfd</subfield><subfield code="d">CH-ZuSLS</subfield></datafield><datafield ind1=" " ind2=" " tag="044"><subfield code="a">sz</subfield><subfield code="c">ch-zh</subfield></datafield><datafield ind1=" " ind2="7" tag="072"><subfield code="a">dr</subfield><subfield code="2">rero</subfield></datafield><datafield ind1=" " ind2=" " tag="084"><subfield code="a">CA/CE 34 i</subfield><subfield code="2">cjurrom</subfield></datafield><datafield ind1="1" ind2=" " tag="100"><subfield code="a">Baumgartner, Tobias</subfield><subfield code="d">1970-....</subfield><subfield code="0">(IDREF)256745250</subfield><subfield code="4">cre</subfield></datafield><datafield ind1="1" ind2="0" tag="245"><subfield code="a">From threat to risk to breach - enforcing the rule of law in the EU</subfield><subfield code="c">Tobias Baumgartner, Jonas Racine, Corinne Reber</subfield></datafield><datafield ind1=" " ind2=" " tag="336"><subfield code="b">txt</subfield><subfield code="2">rdacontent</subfield></datafield><datafield ind1=" " ind2=" " tag="337"><subfield code="b">n</subfield><subfield code="2">rdamedia</subfield></datafield><datafield ind1=" " ind2=" " tag="338"><subfield code="b">nc</subfield><subfield code="2">rdacarrier</subfield></datafield><datafield ind1=" " ind2=" " tag="580"><subfield code="a">In: Rule of law in Europe - current challenges. - Zürich : Schulthess, 2017. - P. 11-33</subfield></datafield><datafield ind1=" " ind2="7" tag="650"><subfield code="a">Rechtsstaat</subfield><subfield code="9">ger</subfield><subfield code="0">(RERO)jurivoc000018461ger</subfield><subfield code="2">jurivoc</subfield></datafield><datafield ind1=" " ind2="7" tag="650"><subfield code="a">EU</subfield><subfield code="9">ger</subfield><subfield code="0">(RERO)jurivoc000007616ger</subfield><subfield code="2">jurivoc</subfield></datafield><datafield ind1=" " ind2="7" tag="650"><subfield code="a">Gemeinschaftsrecht</subfield><subfield code="9">ger</subfield><subfield code="0">(RERO)jurivoc000009467ger</subfield><subfield code="2">jurivoc</subfield></datafield><datafield ind1="1" ind2=" " tag="700"><subfield code="a">Racine, Jonas</subfield><subfield code="0">(RERO)A018380786</subfield></datafield><datafield ind1="1" ind2=" " tag="700"><subfield code="a">Reber, Corinne</subfield><subfield code="c">avocate</subfield><subfield code="d">19..-....</subfield><subfield code="0">(IDREF)281196079</subfield><subfield code="4">aut</subfield></datafield><datafield ind1="0" ind2=" " tag="773"><subfield code="t">Rule of law in Europe - current challenges</subfield><subfield code="g">11</subfield><subfield code="w">(RERO)R008663314-41slsp</subfield></datafield></record>
</metadata></record>