<record><header><identifier>oai:alma.41SLSP_UGE:991000006899705502</identifier><datestamp>2023-03-30T00:10:13Z</datestamp><setSpec>uge_bcen_RapidILL_BOOK</setSpec><setSpec>uge_aaca_RapidILL_BOOK</setSpec><setSpec>uge_abels_RapidILL_BOOK</setSpec><setSpec>uge_dbu_RapidILL_BOOK</setSpec><setSpec>uge_cmu_RapidILL_BOOK</setSpec><setSpec>uge_mail_RapidILL_BOOK</setSpec><setSpec>uge_abbat_RapidILL_BOOK</setSpec><setSpec>UNIGE_ALL</setSpec><setSpec>uge_acar_RapidILL_BOOK</setSpec><setSpec>uge_aobs_RapidILL_BOOK</setSpec></header><metadata>
<record xmlns="http://www.loc.gov/MARC21/slim" xmlns:xsi="http://www.w3.org/2001/XMLSchema-instance" xsi:schemaLocation="http://www.loc.gov/MARC21/slim http://www.loc.gov/standards/marcxml/schema/MARC21slim.xsd"><leader>01775nam a2200457 c 4500</leader><controlfield tag="001">991000006899705502</controlfield><controlfield tag="005">20230328222754.0</controlfield><controlfield tag="008">171030s2017    be ||||| |||| 00| ||fre d</controlfield><datafield ind1=" " ind2=" " tag="020"><subfield code="a">9782353274437</subfield></datafield><datafield ind1=" " ind2=" " tag="035"><subfield code="a">(swissbib)124294057-41slsp_network</subfield></datafield><datafield ind1=" " ind2=" " tag="035"><subfield code="a">124294057</subfield><subfield code="9">ExL</subfield></datafield><datafield ind1=" " ind2=" " tag="035"><subfield code="a">(RERO)R008724089-41slsp</subfield></datafield><datafield ind1=" " ind2=" " tag="035"><subfield code="a">(EXLNZ-41SLSP_NETWORK)991128400959705501</subfield></datafield><datafield ind1=" " ind2=" " tag="040"><subfield code="a">RERO geufpe</subfield><subfield code="d">CH-ZuSLS</subfield></datafield><datafield ind1="1" ind2=" " tag="041"><subfield code="a">fre</subfield><subfield code="h">eng</subfield></datafield><datafield ind1=" " ind2="7" tag="072"><subfield code="a">ps</subfield><subfield code="2">rero</subfield></datafield><datafield ind1="1" ind2=" " tag="080"><subfield code="a">376.46(07)</subfield></datafield><datafield ind1="1" ind2=" " tag="100"><subfield code="a">Sundberg, Mark L.</subfield><subfield code="0">(IDREF)11801983X</subfield><subfield code="4">cre</subfield></datafield><datafield ind1="1" ind2="0" tag="245"><subfield code="a">VB-MAPP</subfield><subfield code="b">évaluation du comportement verbal et programme d'intervention</subfield><subfield code="c">Mark L Sundberg</subfield></datafield><datafield ind1="1" ind2=" " tag="246"><subfield code="a">Verbal behavior Milestones assessment and placement program</subfield></datafield><datafield ind1=" " ind2="1" tag="264"><subfield code="a">Louvain-la-Neuve</subfield><subfield code="b">De Boeck supérieur</subfield><subfield code="c">2017</subfield></datafield><datafield ind1=" " ind2=" " tag="300"><subfield code="a">2 vol. (247, 78 p.)</subfield></datafield><datafield ind1=" " ind2=" " tag="336"><subfield code="b">txt</subfield><subfield code="2">rdacontent</subfield></datafield><datafield ind1=" " ind2=" " tag="337"><subfield code="b">n</subfield><subfield code="2">rdamedia</subfield></datafield><datafield ind1=" " ind2=" " tag="338"><subfield code="b">nc</subfield><subfield code="2">rdacarrier</subfield></datafield><datafield ind1="0" ind2=" " tag="490"><subfield code="a">Apprendre &amp; Réapprendre</subfield></datafield><datafield ind1=" " ind2=" " tag="500"><subfield code="a">Trad. de: VB-MAPP, Verbal Behavior Milestones Assessment and Placement Program</subfield></datafield><datafield ind1="0" ind2=" " tag="505"><subfield code="a">Guide</subfield></datafield><datafield ind1="0" ind2=" " tag="505"><subfield code="a">Protocole</subfield></datafield><datafield ind1=" " ind2="7" tag="650"><subfield code="a">Troubles du spectre de l'autisme</subfield><subfield code="0">(IDREF)164393781</subfield><subfield code="2">idref</subfield></datafield><datafield ind1=" " ind2="7" tag="650"><subfield code="a">Troubles du développement</subfield><subfield code="0">(IDREF)031459056</subfield><subfield code="2">idref</subfield></datafield><datafield ind1=" " ind2="7" tag="650"><subfield code="a">Troubles du langage</subfield><subfield code="0">(IDREF)027257797</subfield><subfield code="2">idref</subfield></datafield><datafield ind1=" " ind2="7" tag="650"><subfield code="a">Thérapeutique</subfield><subfield code="0">(IDREF)027589838</subfield><subfield code="2">idref</subfield></datafield><datafield ind1=" " ind2="7" tag="650"><subfield code="a">Diagnostic</subfield><subfield code="0">(IDREF)027803805</subfield><subfield code="2">idref</subfield></datafield><datafield ind1=" " ind2="7" tag="650"><subfield code="a">Déficience intellectuelle</subfield><subfield code="0">(IDREF)027809307</subfield><subfield code="2">idref</subfield></datafield><datafield ind1=" " ind2="7" tag="650"><subfield code="a">Enfants autistes</subfield><subfield code="0">(IDREF)028176103</subfield><subfield code="2">idref</subfield></datafield><datafield ind1=" " ind2="7" tag="650"><subfield code="a">Adaptation (psychologie)</subfield><subfield code="0">(IDREF)029556635</subfield><subfield code="2">idref</subfield></datafield><datafield ind1=" " ind2="7" tag="650"><subfield code="a">Autisme</subfield><subfield code="0">(IDREF)027220451</subfield><subfield code="2">idref</subfield></datafield><datafield ind1=" " ind2="7" tag="650"><subfield code="a">Attitude</subfield><subfield code="0">(IDREF)027489515</subfield><subfield code="2">idref</subfield></datafield><datafield ind1=" " ind2="7" tag="650"><subfield code="a">Psychologie sociale</subfield><subfield code="0">(IDREF)027241661</subfield><subfield code="2">idref</subfield></datafield><datafield ind1=" " ind2="7" tag="655"><subfield code="a">Manuels d'observation</subfield><subfield code="0">(IDREF)028978463</subfield><subfield code="2">idref</subfield></datafield><datafield ind1=" " ind2=" " tag="900"><subfield code="a">REROnoselfmerge</subfield></datafield></record>
</metadata></record>