<record><header><identifier>oai:alma.41SLSP_UGE:991000006479705502</identifier><datestamp>2023-07-03T00:42:07Z</datestamp><setSpec>uge_bcen_RapidILL_BOOK</setSpec><setSpec>uge_aaca_RapidILL_BOOK</setSpec><setSpec>uge_abels_RapidILL_BOOK</setSpec><setSpec>uge_dbu_RapidILL_BOOK</setSpec><setSpec>uge_cmu_RapidILL_BOOK</setSpec><setSpec>uge_mail_RapidILL_BOOK</setSpec><setSpec>uge_abbat_RapidILL_BOOK</setSpec><setSpec>UNIGE_ALL</setSpec><setSpec>uge_acar_RapidILL_BOOK</setSpec><setSpec>uge_aobs_RapidILL_BOOK</setSpec></header><metadata>
<record xmlns="http://www.loc.gov/MARC21/slim" xmlns:xsi="http://www.w3.org/2001/XMLSchema-instance" xsi:schemaLocation="http://www.loc.gov/MARC21/slim http://www.loc.gov/standards/marcxml/schema/MARC21slim.xsd"><leader>03810nam a2200589 c 4500</leader><controlfield tag="001">991000006479705502</controlfield><controlfield tag="005">20230702062727.0</controlfield><controlfield tag="008">201011s2011    xxk||||| |||| 00| ||eng d</controlfield><datafield ind1="7" ind2=" " tag="016"><subfield code="a">015716942</subfield><subfield code="2">Uk</subfield></datafield><datafield ind1=" " ind2=" " tag="020"><subfield code="a">9781849802840</subfield><subfield code="q">cased</subfield></datafield><datafield ind1=" " ind2=" " tag="020"><subfield code="a">184980284X</subfield></datafield><datafield ind1=" " ind2=" " tag="035"><subfield code="a">(swissbib)227491785-41slsp_network</subfield></datafield><datafield ind1=" " ind2=" " tag="035"><subfield code="a">227491785</subfield><subfield code="9">ExL</subfield></datafield><datafield ind1=" " ind2=" " tag="035"><subfield code="a">(RERO)R007543486-41slsp</subfield></datafield><datafield ind1=" " ind2=" " tag="035"><subfield code="a">(IDSSG)000554921HSB01</subfield></datafield><datafield ind1=" " ind2=" " tag="035"><subfield code="a">(OCoLC) ocn707200256</subfield></datafield><datafield ind1=" " ind2=" " tag="035"><subfield code="a">(EXLNZ-41SLSP_NETWORK)991058760289705501</subfield></datafield><datafield ind1=" " ind2=" " tag="040"><subfield code="a">DKDLA</subfield><subfield code="d">CH-ZuSLS</subfield></datafield><datafield ind1=" " ind2=" " tag="050"><subfield code="a">HT395.K6</subfield><subfield code="b">R45 2011</subfield></datafield><datafield ind1=" " ind2="7" tag="072"><subfield code="a">ur</subfield><subfield code="2">rero</subfield></datafield><datafield ind1=" " ind2="7" tag="072"><subfield code="a">sp</subfield><subfield code="2">rero</subfield></datafield><datafield ind1="0" ind2="4" tag="082"><subfield code="a">307.1209519</subfield><subfield code="2">22</subfield></datafield><datafield ind1="1" ind2=" " tag="100"><subfield code="a">Bae, Chang-Hee Christine</subfield><subfield code="6">880-01</subfield></datafield><datafield ind1="1" ind2=" " tag="880"><subfield code="6">100-01</subfield><subfield code="a">Bae, Chang-Hee Christine</subfield><subfield code="0">(IDREF)088808017</subfield></datafield><datafield ind1="1" ind2="0" tag="245"><subfield code="a">Regional and urban policy and planning on the Korean peninsula</subfield><subfield code="c">Chang-Hee Christine Bae, Harry W. Richardson ; with contrib. by Eric J. Heikkila ... [et al.]</subfield></datafield><datafield ind1=" " ind2="1" tag="264"><subfield code="a">Cheltenham</subfield><subfield code="b">E. Elgar</subfield><subfield code="c">2011</subfield></datafield><datafield ind1=" " ind2=" " tag="300"><subfield code="a">ix, 265 p.</subfield><subfield code="b">ill.</subfield></datafield><datafield ind1=" " ind2=" " tag="336"><subfield code="b">txt</subfield><subfield code="2">rdacontent</subfield></datafield><datafield ind1=" " ind2=" " tag="337"><subfield code="b">n</subfield><subfield code="2">rdamedia</subfield></datafield><datafield ind1=" " ind2=" " tag="338"><subfield code="b">nc</subfield><subfield code="2">rdacarrier</subfield></datafield><datafield ind1=" " ind2=" " tag="504"><subfield code="a">Bibliogr.: p. 241-257. Index</subfield></datafield><datafield ind1=" " ind2=" " tag="504"><subfield code="a">Includes bibliographical references and index.</subfield></datafield><datafield ind1=" " ind2="7" tag="650"><subfield code="a">Urbanisme</subfield><subfield code="0">(IDREF)027254925</subfield><subfield code="2">idref</subfield></datafield><datafield ind1=" " ind2="7" tag="650"><subfield code="a">Politique urbaine</subfield><subfield code="0">(IDREF)027775925</subfield><subfield code="2">idref</subfield></datafield><datafield ind1=" " ind2="7" tag="650"><subfield code="a">Regionalplanung</subfield><subfield code="0">(DE-588)4049040-3</subfield><subfield code="2">gnd</subfield></datafield><datafield ind1=" " ind2="7" tag="650"><subfield code="a">Stadtplanung</subfield><subfield code="0">(DE-588)4056754-0</subfield><subfield code="2">gnd</subfield></datafield><datafield ind1=" " ind2="0" tag="650"><subfield code="a">Regional planning</subfield><subfield code="z">Korea</subfield></datafield><datafield ind1=" " ind2="0" tag="650"><subfield code="a">City planning</subfield><subfield code="z">Korea</subfield></datafield><datafield ind1=" " ind2="0" tag="650"><subfield code="a">Urban policy</subfield><subfield code="z">Korea</subfield></datafield><datafield ind1=" " ind2="7" tag="651"><subfield code="a">Corée</subfield><subfield code="0">(IDREF)027316688</subfield><subfield code="2">idref</subfield></datafield><datafield ind1=" " ind2="7" tag="651"><subfield code="a">Korea</subfield><subfield code="0">(DE-588)4032466-7</subfield><subfield code="2">gnd</subfield></datafield><datafield ind1=" " ind2="7" tag="651"><subfield code="a">Nordkorea</subfield><subfield code="0">(DE-588)4075468-6</subfield><subfield code="2">gnd</subfield></datafield><datafield ind1=" " ind2="4" tag="655"><subfield code="a">Aufsatzsammlung.</subfield></datafield><datafield ind1=" " ind2=" " tag="690"><subfield code="a">Regionalpolitik; nationale Einheit; Khan; Hauptstadt; regionale Entwicklung; Stadtregion; Strategie; Halbinsel; Park; Demographie; Integration; Lehre; Statistik; Planung; Geschichte; Markt; Urbanisierung; Cheltenham; Lebensqualität; Stadtverkehr; Trend; Verfügbarkeit</subfield><subfield code="2">idssg-J</subfield></datafield><datafield ind1=" " ind2=" " tag="690"><subfield code="a">Changhi; Hauptstadtregion; Geschäftsstrategie; Nordkoreanische</subfield><subfield code="2">idssg-J</subfield></datafield><datafield ind1=" " ind2=" " tag="690"><subfield code="a">ausgewogene Entwicklung; regionale Politik; globale Geschäftsstrategie; junge Geschichte; koreanische Halbinsel; lebenswerte Stadt; mitwirkende Danksagung; mitwirkendes Vorwort; nationale Entwicklung; neue Regionalpolitik; räumliche Strategie; städtische Planung; städtische Politik; urbanes Thema; wiedervereinigtes Korea; wirtschaftliche Integration</subfield><subfield code="2">idssg-J</subfield></datafield><datafield ind1=" " ind2=" " tag="690"><subfield code="a">Korea C9SOUT; Vereinigte Staaten C1USA; Korea (Demokratische Volksrepublik) C9NORT; Südkorea C9SOUT; Großbritannien C4EUUK</subfield><subfield code="2">idssg-J</subfield></datafield><datafield ind1=" " ind2=" " tag="690"><subfield code="a">Bae University of; Changhi Christine Bae Lebensqualität; Changhi Christine Bae Referenzen Index; Christine Bae University of; Curtis Melvin Jiyoung; Curtis Melvin vii viii; Edward Elgar; Eric J. Heikkila; Eric J. Heikkila Myung Jin Jun Won Bae; Geschichte Jiyoung Park; Greenbelt Politik ChangHee Christine Bae; Halbinsel ChangHee Christine Bae University of Washington; Harry W. Richardson; Harry W. Richardson Urbane Themen; Jun Won Bae; Kim Suk Lee Curtis Melvin Jiyoung Park; Korea Eric J. Heikkila Demografie; Myung Jin Jun; Regionalund Stadtverkehr Politik; Richardson University of Southern; Stadt ChangHee Christine Bae; Südkorea Myung Jin Jun; Trend Einführung ChangHee Christine Bae; Urbanisierung ChangHee Christine Bae; Wiedervereinigung Koreas Lehren; Wiedervereinigung Koreas Won Bae Kim; Wirtschaft Won Bae Kim Eine; wirtschaftlich Integration Strategien; Zuverlässigkeit Suk Lee</subfield><subfield code="2">idssg-J</subfield></datafield><datafield ind1="1" ind2=" " tag="700"><subfield code="a">Richardson, Harry W.</subfield></datafield><datafield ind1="1" ind2=" " tag="700"><subfield code="a">Richardson, Harry Ward</subfield><subfield code="d">1938-....</subfield><subfield code="0">(IDREF)061057096</subfield></datafield><datafield ind1="1" ind2=" " tag="700"><subfield code="a">Heikkila, Eric John</subfield><subfield code="0">(IDREF)080085105</subfield></datafield><datafield ind1="4" ind2=" " tag="856"><subfield code="u">https://tools.unisg.ch/url/hm00395496</subfield><subfield code="z">Inhaltsverzeichnis</subfield></datafield><datafield ind1=" " ind2=" " tag="949"><subfield code="a">https://tools.unisg.ch/url/hm00395496</subfield></datafield></record>
</metadata></record>