<record><header><identifier>oai:alma.41SLSP_UGE:991000006399705502</identifier><datestamp>2024-09-28T00:12:10Z</datestamp><setSpec>uge_bcen_RapidILL_BOOK</setSpec><setSpec>uge_aaca_RapidILL_BOOK</setSpec><setSpec>uge_abels_RapidILL_BOOK</setSpec><setSpec>uge_dbu_RapidILL_BOOK</setSpec><setSpec>uge_cmu_RapidILL_BOOK</setSpec><setSpec>uge_mail_RapidILL_BOOK</setSpec><setSpec>uge_abbat_RapidILL_BOOK</setSpec><setSpec>UNIGE_ALL</setSpec><setSpec>uge_acar_RapidILL_BOOK</setSpec><setSpec>uge_aobs_RapidILL_BOOK</setSpec></header><metadata>
<record xmlns="http://www.loc.gov/MARC21/slim" xmlns:xsi="http://www.w3.org/2001/XMLSchema-instance" xsi:schemaLocation="http://www.loc.gov/MARC21/slim http://www.loc.gov/standards/marcxml/schema/MARC21slim.xsd"><leader>03612nam a2200805uca4500</leader><controlfield tag="001">991000006399705502</controlfield><controlfield tag="005">20240927124255.0</controlfield><controlfield tag="008">201011m19771979gw            00| | ger d</controlfield><datafield ind1=" " ind2=" " tag="020"><subfield code="a">3129107509</subfield><subfield code="q">Band 1</subfield></datafield><datafield ind1=" " ind2=" " tag="020"><subfield code="a">3129107606</subfield><subfield code="q">Band 2</subfield></datafield><datafield ind1=" " ind2=" " tag="035"><subfield code="a">(swissbib)214813010-41slsp_network</subfield></datafield><datafield ind1=" " ind2=" " tag="035"><subfield code="a">214813010</subfield><subfield code="9">ExL</subfield></datafield><datafield ind1=" " ind2=" " tag="035"><subfield code="a">(IDSBB)000494948DSV01</subfield></datafield><datafield ind1=" " ind2=" " tag="035"><subfield code="a">(RERO)0178808-41slsp</subfield></datafield><datafield ind1=" " ind2=" " tag="035"><subfield code="a">(NEBIS)001021043EBI01</subfield></datafield><datafield ind1=" " ind2=" " tag="035"><subfield code="a">(IDSSG)000106765HSB01</subfield></datafield><datafield ind1=" " ind2=" " tag="035"><subfield code="a">(ABN)000510943ABN01</subfield></datafield><datafield ind1=" " ind2=" " tag="035"><subfield code="a">(EXLNZ-41SLSP_NETWORK)991069996239705501</subfield></datafield><datafield ind1=" " ind2=" " tag="040"><subfield code="a">SzZuIDS BS/BE A208</subfield><subfield code="b">ger</subfield><subfield code="e">kids</subfield><subfield code="d">CH-ZuSLS</subfield></datafield><datafield ind1=" " ind2="7" tag="072"><subfield code="a">rg</subfield><subfield code="2">SzZuIDS BS/BE</subfield></datafield><datafield ind1=" " ind2="7" tag="072"><subfield code="a">sz</subfield><subfield code="2">SzZuIDS BS/BE</subfield></datafield><datafield ind1=" " ind2="7" tag="072"><subfield code="a">dr</subfield><subfield code="2">rero</subfield></datafield><datafield ind1=" " ind2="7" tag="072"><subfield code="a">sp</subfield><subfield code="2">rero</subfield></datafield><datafield ind1="0" ind2="4" tag="082"><subfield code="a">320</subfield></datafield><datafield ind1="1" ind2="4" tag="082"><subfield code="a">300</subfield><subfield code="2">15</subfield></datafield><datafield ind1=" " ind2=" " tag="084"><subfield code="a">ME 3300</subfield><subfield code="2">rvk</subfield></datafield><datafield ind1=" " ind2=" " tag="084"><subfield code="a">MF 6000</subfield><subfield code="2">rvk</subfield></datafield><datafield ind1=" " ind2=" " tag="084"><subfield code="a">MF 6530</subfield><subfield code="2">rvk</subfield></datafield><datafield ind1=" " ind2=" " tag="084"><subfield code="a">MS 4400</subfield><subfield code="2">rvk</subfield></datafield><datafield ind1=" " ind2=" " tag="084"><subfield code="a">A 32 g</subfield><subfield code="2">cjurrom</subfield></datafield><datafield ind1="0" ind2="0" tag="245"><subfield code="a">Regierbarkeit</subfield><subfield code="b">Studien zu ihrer Problematisierung</subfield><subfield code="c">hrsg. von Wilhelm Hennis [et al.]</subfield></datafield><datafield ind1=" " ind2="1" tag="264"><subfield code="a">Stuttgart</subfield><subfield code="b">Klett</subfield><subfield code="b">Cotta</subfield><subfield code="c">1977-1979</subfield></datafield><datafield ind1=" " ind2=" " tag="300"><subfield code="a">2 Bde.</subfield><subfield code="c">22 cm</subfield></datafield><datafield ind1=" " ind2=" " tag="336"><subfield code="b">txt</subfield><subfield code="2">rdacontent</subfield></datafield><datafield ind1=" " ind2=" " tag="337"><subfield code="b">n</subfield><subfield code="2">rdamedia</subfield></datafield><datafield ind1=" " ind2=" " tag="338"><subfield code="b">nc</subfield><subfield code="2">rdacarrier</subfield></datafield><datafield ind1=" " ind2=" " tag="504"><subfield code="a">Literaturverz.</subfield></datafield><datafield ind1="0" ind2="0" tag="505"><subfield code="g">Bd. 1:</subfield><subfield code="t">1977. - 314 S.</subfield></datafield><datafield ind1="0" ind2="0" tag="505"><subfield code="g">Bd. 2:</subfield><subfield code="t">1979. - 447 S.</subfield></datafield><datafield ind1=" " ind2="7" tag="650"><subfield code="a">Démocratie</subfield><subfield code="0">(IDREF)027358054</subfield><subfield code="2">idref</subfield></datafield><datafield ind1=" " ind2="7" tag="650"><subfield code="a">Gouvernement</subfield><subfield code="0">(IDREF)027793672</subfield><subfield code="2">idref</subfield></datafield><datafield ind1=" " ind2="7" tag="650"><subfield code="a">Demokratie</subfield><subfield code="0">(DE-588)4011413-2</subfield><subfield code="2">gnd</subfield></datafield><datafield ind1=" " ind2="7" tag="650"><subfield code="a">Industriegesellschaft</subfield><subfield code="0">(DE-588)4026828-7</subfield><subfield code="2">gnd</subfield></datafield><datafield ind1=" " ind2="7" tag="650"><subfield code="a">Öffentliche Aufgaben</subfield><subfield code="0">(DE-588)4077776-5</subfield><subfield code="2">gnd</subfield></datafield><datafield ind1=" " ind2="7" tag="650"><subfield code="a">Politische Krise</subfield><subfield code="0">(DE-588)4046539-1</subfield><subfield code="2">gnd</subfield></datafield><datafield ind1=" " ind2="7" tag="650"><subfield code="a">Regierbarkeit</subfield><subfield code="0">(DE-588)4177404-8</subfield><subfield code="2">gnd</subfield></datafield><datafield ind1=" " ind2="7" tag="650"><subfield code="a">Technokratie</subfield><subfield code="0">(DE-588)4234424-4</subfield><subfield code="2">gnd</subfield></datafield><datafield ind1=" " ind2="0" tag="650"><subfield code="a">Democracy</subfield></datafield><datafield ind1=" " ind2="0" tag="650"><subfield code="a">Political science</subfield><subfield code="x">History</subfield></datafield><datafield ind1=" " ind2="0" tag="650"><subfield code="a">Power (Social sciences)</subfield></datafield><datafield ind1=" " ind2="0" tag="650"><subfield code="a">State, The</subfield></datafield><datafield ind1=" " ind2="7" tag="655"><subfield code="a">[Études diverses]</subfield><subfield code="0">(RERO)A022249905</subfield><subfield code="2">rero</subfield></datafield><datafield ind1=" " ind2="7" tag="655"><subfield code="a">Aufsatzsammlung</subfield><subfield code="2">gnd-content</subfield></datafield><datafield ind1=" " ind2=" " tag="690"><subfield code="a">Regierung: Beitragssammmlung</subfield><subfield code="2">uzb-Z6</subfield></datafield><datafield ind1=" " ind2=" " tag="690"><subfield code="a">Staatliche Verwaltung: Beitragssammlung</subfield><subfield code="2">uzb-Z6</subfield></datafield><datafield ind1=" " ind2=" " tag="690"><subfield code="a">Demokratie: Beitragssammlung</subfield><subfield code="2">uzb-Z6</subfield></datafield><datafield ind1=" " ind2=" " tag="690"><subfield code="a">Pol II. ba) Politische Theorien der Gegenwart : Allgemeines, Einführungen allgemeiner Art</subfield><subfield code="2">hsg-H9</subfield></datafield><datafield ind1=" " ind2=" " tag="690"><subfield code="a">Pol II. bb) Politische Theorien der Gegenwart : Ideologien : Andere (Neue Linke, Studentenbewegung, Zionismus, Rätedemokratie, auch direkt-demokratische Systeme, Nationalismus)</subfield><subfield code="2">hsg-H9</subfield></datafield><datafield ind1=" " ind2=" " tag="690"><subfield code="a">Pol V. de) Politische Soziologie : Parteien : Parteienstrategie</subfield><subfield code="2">hsg-H9</subfield></datafield><datafield ind1=" " ind2=" " tag="690"><subfield code="a">Pol V. h) Politische Soziologie : Bürokratie, Technokratie, Bürokratieforschung, Technokratieforschung</subfield><subfield code="2">hsg-H9</subfield></datafield><datafield ind1=" " ind2=" " tag="690"><subfield code="a">Pol V. ed) Politische Soziologie : Verbände : Einfluss der Verbände</subfield><subfield code="2">hsg-H9</subfield></datafield><datafield ind1=" " ind2=" " tag="690"><subfield code="a">Vwl Staat, allgemeine wirtschaftliche Probleme : Allgemeines</subfield><subfield code="2">hsg-H9</subfield></datafield><datafield ind1=" " ind2=" " tag="690"><subfield code="a">Vwl Politische Ökonomie</subfield><subfield code="2">hsg-H9</subfield></datafield><datafield ind1="1" ind2=" " tag="700"><subfield code="a">Hennis, Wilhelm</subfield><subfield code="d">1923-2012</subfield><subfield code="0">(DE-588)118837745</subfield><subfield code="6">880-02</subfield></datafield><datafield ind1="1" ind2=" " tag="880"><subfield code="6">700-02</subfield><subfield code="a">Hennis, Wilhelm</subfield><subfield code="d">1923-2012</subfield><subfield code="0">(IDREF)029349125</subfield></datafield><datafield ind1="4" ind2=" " tag="856"><subfield code="3">Titelblatt und Inhaltsverzeichnis (Bd. 1)</subfield><subfield code="u">https://toc.library.ethz.ch/objects/pdf_uzh50/6/UIPZ_001021043_1_TB-Inhalt_006928156.pdf</subfield><subfield code="q">pdf</subfield></datafield><datafield ind1="4" ind2=" " tag="856"><subfield code="3">Titelblatt und Inhaltsverzeichnis (Bd. 2)</subfield><subfield code="u">https://toc.library.ethz.ch/objects/pdf_uzh50/6/UIPZ_001021043_2_TB-Inhalt_006928159.pdf</subfield><subfield code="q">pdf</subfield></datafield><datafield ind1=" " ind2=" " tag="900"><subfield code="a">REROnoselfmerge</subfield></datafield><datafield ind1=" " ind2=" " tag="900"><subfield code="a">IDSZRMedeaZBZ</subfield><subfield code="b">IDSZRAufnahme</subfield></datafield><datafield ind1=" " ind2=" " tag="949"><subfield code="a">https://toc.library.ethz.ch/objects/pdf_uzh50/6/UIPZ_001021043_1_TB-Inhalt_006928156.pdf</subfield></datafield><datafield ind1=" " ind2=" " tag="949"><subfield code="a">https://toc.library.ethz.ch/objects/pdf_uzh50/6/UIPZ_001021043_2_TB-Inhalt_006928159.pdf</subfield></datafield></record>
</metadata></record>