<record><header><identifier>oai:alma.41SLSP_UGE:991000007019705502</identifier><datestamp>2024-07-20T00:47:13Z</datestamp><setSpec>UNIGE_ALL</setSpec></header><metadata>
<record xmlns="http://www.loc.gov/MARC21/slim" xmlns:xsi="http://www.w3.org/2001/XMLSchema-instance" xsi:schemaLocation="http://www.loc.gov/MARC21/slim http://www.loc.gov/standards/marcxml/schema/MARC21slim.xsd"><leader>01614njm a22003857c 4500</leader><controlfield tag="001">991000007019705502</controlfield><controlfield tag="005">20211101192131.0</controlfield><controlfield tag="007">sd b||||||||||</controlfield><controlfield tag="008">110122nuuuuuuuuxx ||n |            eng d</controlfield><datafield ind1="0" ind2="2" tag="028"><subfield code="a">Vox Productions SVBX 5314</subfield></datafield><datafield ind1=" " ind2=" " tag="035"><subfield code="a">(swissbib)113552653-41slsp_network</subfield></datafield><datafield ind1=" " ind2=" " tag="035"><subfield code="a">113552653</subfield><subfield code="9">ExL</subfield></datafield><datafield ind1=" " ind2=" " tag="035"><subfield code="a">(RERO)R006020180-41slsp</subfield></datafield><datafield ind1=" " ind2=" " tag="035"><subfield code="a">(EXLNZ-41SLSP_NETWORK)991112850409705501</subfield></datafield><datafield ind1=" " ind2=" " tag="040"><subfield code="a">RERO geulmu</subfield><subfield code="d">CH-ZuSLS</subfield></datafield><datafield ind1=" " ind2="7" tag="072"><subfield code="a">mu</subfield><subfield code="2">rero</subfield></datafield><datafield ind1="0" ind2="0" tag="245"><subfield code="a">&lt;&lt;A&gt;&gt; Survey of the World's Greatest Organ Music</subfield><subfield code="b">France, Volume V : The Romantics</subfield><subfield code="c">Franz Liszt, François Benoist, Charles Alexis Chauvet ... [et al.]</subfield></datafield><datafield ind1=" " ind2="1" tag="264"><subfield code="a">[Lieu de publication non identifié]</subfield><subfield code="b">[éditeur non identifié]</subfield><subfield code="c">[date de publication non identifiée]</subfield></datafield><datafield ind1=" " ind2=" " tag="300"><subfield code="a">3 disques sonores</subfield><subfield code="b">33 t.</subfield></datafield><datafield ind1=" " ind2=" " tag="336"><subfield code="b">prm</subfield><subfield code="2">rdacontent</subfield></datafield><datafield ind1=" " ind2=" " tag="337"><subfield code="b">s</subfield><subfield code="2">rdamedia</subfield></datafield><datafield ind1=" " ind2=" " tag="338"><subfield code="b">sd</subfield><subfield code="2">rdacarrier</subfield></datafield><datafield ind1=" " ind2=" " tag="500"><subfield code="a">Formation: orgue</subfield></datafield><datafield ind1="1" ind2=" " tag="700"><subfield code="a">Boëllmann, Léon</subfield><subfield code="d">1862-1897</subfield><subfield code="0">(IDREF)073707104</subfield></datafield><datafield ind1="1" ind2=" " tag="700"><subfield code="a">Darasse, Xavier</subfield><subfield code="d">1934-1992</subfield><subfield code="0">(IDREF)118840029</subfield></datafield><datafield ind1="1" ind2=" " tag="700"><subfield code="a">Dubois, Théodore</subfield><subfield code="d">1837-1924</subfield><subfield code="0">(IDREF)050600273</subfield></datafield><datafield ind1="1" ind2=" " tag="700"><subfield code="a">Gigout, Eugène</subfield><subfield code="d">1844-1925</subfield><subfield code="0">(IDREF)079303803</subfield></datafield><datafield ind1="1" ind2=" " tag="700"><subfield code="a">Guilmant, Alexandre</subfield><subfield code="d">1837-1911</subfield><subfield code="0">(IDREF)083005862</subfield></datafield><datafield ind1="1" ind2=" " tag="700"><subfield code="a">Isoir, André</subfield><subfield code="d">1935-2016</subfield><subfield code="0">(IDREF)031152848</subfield></datafield><datafield ind1="1" ind2=" " tag="700"><subfield code="a">Lefébure-Wely, Louis James Alfred</subfield><subfield code="d">1817-1869</subfield><subfield code="0">(IDREF)085188409</subfield></datafield><datafield ind1="1" ind2=" " tag="700"><subfield code="a">Liszt, Franz</subfield><subfield code="d">1811-1886</subfield><subfield code="0">(IDREF)026991535</subfield></datafield><datafield ind1="1" ind2=" " tag="700"><subfield code="a">Raynaud, Jean-Claude</subfield><subfield code="d">193.-2021</subfield><subfield code="0">(IDREF)082027676</subfield></datafield><datafield ind1="1" ind2=" " tag="700"><subfield code="a">Saint-Saëns, Camille</subfield><subfield code="c">compositeur</subfield><subfield code="d">1835-1921</subfield><subfield code="0">(IDREF)028253361</subfield></datafield><datafield ind1="1" ind2=" " tag="700"><subfield code="a">Saorgin, René</subfield><subfield code="0">(RERO)A003785813</subfield></datafield><datafield ind1="1" ind2=" " tag="700"><subfield code="a">Terrasse, Claude</subfield><subfield code="d">1867-1923</subfield><subfield code="0">(IDREF)060848987</subfield></datafield><datafield ind1=" " ind2=" " tag="900"><subfield code="a">REROnoselfmerge</subfield></datafield><datafield ind1=" " ind2=" " tag="960"><subfield code="2">matmu</subfield><subfield code="a">France ; XIXe ; Romantisme</subfield><subfield code="9">LOCAL</subfield></datafield></record>
</metadata></record>