<record><header><identifier>oai:alma.41SLSP_UGE:991000006289705502</identifier><datestamp>2023-03-01T01:09:02Z</datestamp><setSpec>uge_bcen_RapidILL_BOOK</setSpec><setSpec>uge_aaca_RapidILL_BOOK</setSpec><setSpec>uge_abels_RapidILL_BOOK</setSpec><setSpec>uge_dbu_RapidILL_BOOK</setSpec><setSpec>uge_cmu_RapidILL_BOOK</setSpec><setSpec>uge_mail_RapidILL_BOOK</setSpec><setSpec>UNIGE_ALL</setSpec><setSpec>uge_abbat_RapidILL_BOOK</setSpec><setSpec>uge_aobs_RapidILL_BOOK</setSpec><setSpec>uge_acar_RapidILL_BOOK</setSpec></header><metadata>
<record xmlns="http://www.loc.gov/MARC21/slim" xmlns:xsi="http://www.w3.org/2001/XMLSchema-instance" xsi:schemaLocation="http://www.loc.gov/MARC21/slim http://www.loc.gov/standards/marcxml/schema/MARC21slim.xsd"><leader>01073naa a2200265 c 4500</leader><controlfield tag="001">991000006289705502</controlfield><controlfield tag="005">20210206210650.0</controlfield><controlfield tag="008">001120s1959    fr ||||| |||| 00| ||fre d</controlfield><datafield ind1=" " ind2=" " tag="035"><subfield code="a">(swissbib)085316466-41slsp_network</subfield></datafield><datafield ind1=" " ind2=" " tag="035"><subfield code="a">085316466</subfield><subfield code="9">ExL</subfield></datafield><datafield ind1=" " ind2=" " tag="035"><subfield code="a">(RERO)1340741-41slsp</subfield></datafield><datafield ind1=" " ind2=" " tag="035"><subfield code="a">(EXLNZ-41SLSP_NETWORK)991068354309705501</subfield></datafield><datafield ind1=" " ind2=" " tag="040"><subfield code="a">RERO nebpup</subfield><subfield code="d">CH-ZuSLS</subfield></datafield><datafield ind1="1" ind2=" " tag="041"><subfield code="a">fre</subfield><subfield code="h">spa</subfield></datafield><datafield ind1=" " ind2="7" tag="072"><subfield code="a">fr</subfield><subfield code="2">rero</subfield></datafield><datafield ind1="1" ind2=" " tag="100"><subfield code="a">Mihura, Miguel</subfield><subfield code="0">(RERO)A003593755</subfield><subfield code="4">cre</subfield></datafield><datafield ind1="1" ind2="0" tag="245"><subfield code="a">&lt;&lt;Les&gt;&gt; trois chapeaux claque</subfield><subfield code="b">une comédie en trois actes</subfield><subfield code="c">de Miguel Mihura ; trad. et adapt. de Hélène Duc et José Estrada ; mise en scène d'Olivier Hussenot ; décor et costumes de Georges Richar</subfield></datafield><datafield ind1=" " ind2=" " tag="336"><subfield code="b">txt</subfield><subfield code="2">rdacontent</subfield></datafield><datafield ind1=" " ind2=" " tag="337"><subfield code="b">n</subfield><subfield code="2">rdamedia</subfield></datafield><datafield ind1=" " ind2=" " tag="338"><subfield code="b">nc</subfield><subfield code="2">rdacarrier</subfield></datafield><datafield ind1=" " ind2=" " tag="500"><subfield code="a">Traduit de: Tres sombreros de copa.</subfield></datafield><datafield ind1=" " ind2=" " tag="580"><subfield code="a">In: L'Avant-scène. Femina-théâtre. - Paris. - No 191, 1959, p. 7-29</subfield></datafield><datafield ind1="1" ind2=" " tag="700"><subfield code="a">Duc, Hélène</subfield><subfield code="0">(RERO)A003194306</subfield></datafield><datafield ind1="1" ind2=" " tag="700"><subfield code="a">Hussenot, Olivier</subfield><subfield code="d">1913-1979</subfield><subfield code="0">(IDREF)144406128</subfield></datafield><datafield ind1="0" ind2=" " tag="773"><subfield code="t">Avant-scène. Femina-théâtre</subfield><subfield code="g">No 191, 1959, p. 7-29</subfield><subfield code="w">(RERO)0350244-41slsp</subfield></datafield><datafield ind1=" " ind2=" " tag="900"><subfield code="a">REROnoselfmerge</subfield></datafield></record>
</metadata></record>