<record><header><identifier>oai:alma.41SLSP_UGE:991000006309705502</identifier><datestamp>2023-03-01T01:09:02Z</datestamp><setSpec>uge_bcen_RapidILL_BOOK</setSpec><setSpec>uge_aaca_RapidILL_BOOK</setSpec><setSpec>uge_abels_RapidILL_BOOK</setSpec><setSpec>uge_dbu_RapidILL_BOOK</setSpec><setSpec>uge_cmu_RapidILL_BOOK</setSpec><setSpec>uge_mail_RapidILL_BOOK</setSpec><setSpec>UNIGE_ALL</setSpec><setSpec>uge_abbat_RapidILL_BOOK</setSpec><setSpec>uge_aobs_RapidILL_BOOK</setSpec><setSpec>uge_acar_RapidILL_BOOK</setSpec></header><metadata>
<record xmlns="http://www.loc.gov/MARC21/slim" xmlns:xsi="http://www.w3.org/2001/XMLSchema-instance" xsi:schemaLocation="http://www.loc.gov/MARC21/slim http://www.loc.gov/standards/marcxml/schema/MARC21slim.xsd"><leader>00936nam a2200265 c 4500</leader><controlfield tag="001">991000006309705502</controlfield><controlfield tag="005">20201126054050.0</controlfield><controlfield tag="008">070928s2007    it ||||| |||| 00| ||ita d</controlfield><datafield ind1=" " ind2=" " tag="020"><subfield code="a">9788862260008</subfield></datafield><datafield ind1=" " ind2=" " tag="035"><subfield code="a">(swissbib)105863041-41slsp_network</subfield></datafield><datafield ind1=" " ind2=" " tag="035"><subfield code="a">105863041</subfield><subfield code="9">ExL</subfield></datafield><datafield ind1=" " ind2=" " tag="035"><subfield code="a">(RERO)R004551863-41slsp</subfield></datafield><datafield ind1=" " ind2=" " tag="035"><subfield code="a">(EXLNZ-41SLSP_NETWORK)991131801089705501</subfield></datafield><datafield ind1=" " ind2=" " tag="040"><subfield code="a">RERO geulit</subfield><subfield code="d">CH-ZuSLS</subfield></datafield><datafield ind1=" " ind2="7" tag="072"><subfield code="a">it</subfield><subfield code="2">rero</subfield></datafield><datafield ind1="1" ind2=" " tag="100"><subfield code="a">Delfini, Antonio</subfield><subfield code="d">1907-1963</subfield><subfield code="0">(IDREF)028401735</subfield><subfield code="4">cre</subfield></datafield><datafield ind1="1" ind2="0" tag="245"><subfield code="a">Vagabondaggio primaverile</subfield><subfield code="b">e altre prose</subfield><subfield code="c">Antonio Delfini ; a cura di Luigi Martellini</subfield></datafield><datafield ind1=" " ind2="1" tag="264"><subfield code="a">Pistoia</subfield><subfield code="b">Via del Vento</subfield><subfield code="c">2007</subfield></datafield><datafield ind1=" " ind2=" " tag="300"><subfield code="a">35 p.</subfield><subfield code="b">portr.</subfield></datafield><datafield ind1=" " ind2=" " tag="336"><subfield code="b">txt</subfield><subfield code="2">rdacontent</subfield></datafield><datafield ind1=" " ind2=" " tag="337"><subfield code="b">n</subfield><subfield code="2">rdamedia</subfield></datafield><datafield ind1=" " ind2=" " tag="338"><subfield code="b">nc</subfield><subfield code="2">rdacarrier</subfield></datafield><datafield ind1="1" ind2=" " tag="490"><subfield code="a">I quaderni di Via del Vento : testi inediti e rari del Novecento</subfield><subfield code="v">49</subfield></datafield><datafield ind1="1" ind2=" " tag="700"><subfield code="a">Martellini, Luigi</subfield><subfield code="d">1942-....</subfield><subfield code="0">(IDREF)028766377</subfield></datafield><datafield ind1=" " ind2=" " tag="830"><subfield code="a">&lt;&lt;I&gt;&gt; quaderni di Via del Vento</subfield><subfield code="v">49</subfield><subfield code="w">(RERO)R003943623-41slsp</subfield></datafield><datafield ind1=" " ind2=" " tag="900"><subfield code="a">REROnoselfmerge</subfield></datafield><datafield ind1=" " ind2=" " tag="993"><subfield code="a">BFLT 1832</subfield><subfield code="x">ge/ulit/a/07/173</subfield><subfield code="9">LOCAL</subfield></datafield></record>
</metadata></record>