<record><header><identifier>oai:alma.41SLSP_UGE:991000006829705502</identifier><datestamp>2023-03-22T01:19:22Z</datestamp><setSpec>uge_bcen_RapidILL_BOOK</setSpec><setSpec>uge_aaca_RapidILL_BOOK</setSpec><setSpec>uge_abels_RapidILL_BOOK</setSpec><setSpec>uge_dbu_RapidILL_BOOK</setSpec><setSpec>uge_cmu_RapidILL_BOOK</setSpec><setSpec>uge_mail_RapidILL_BOOK</setSpec><setSpec>uge_abbat_RapidILL_BOOK</setSpec><setSpec>UNIGE_ALL</setSpec><setSpec>uge_acar_RapidILL_BOOK</setSpec><setSpec>uge_aobs_RapidILL_BOOK</setSpec></header><metadata>
<record xmlns="http://www.loc.gov/MARC21/slim" xmlns:xsi="http://www.w3.org/2001/XMLSchema-instance" xsi:schemaLocation="http://www.loc.gov/MARC21/slim http://www.loc.gov/standards/marcxml/schema/MARC21slim.xsd"><leader>04569nam a2200361 c 4500</leader><controlfield tag="001">991000006829705502</controlfield><controlfield tag="005">20230320141824.0</controlfield><controlfield tag="008">140701s2014    fr ||||| |||| 10| ||fre d</controlfield><datafield ind1=" " ind2=" " tag="020"><subfield code="a">9782753533264</subfield></datafield><datafield ind1="7" ind2=" " tag="024"><subfield code="a">http://catalogue.bnf.fr/ark:/12148/cb438471738</subfield><subfield code="2">uri</subfield></datafield><datafield ind1=" " ind2=" " tag="035"><subfield code="a">(swissbib)120036401-41slsp_network</subfield></datafield><datafield ind1=" " ind2=" " tag="035"><subfield code="a">120036401</subfield><subfield code="9">ExL</subfield></datafield><datafield ind1=" " ind2=" " tag="035"><subfield code="a">(RERO)R007786044-41slsp</subfield></datafield><datafield ind1=" " ind2=" " tag="035"><subfield code="a">(EXLNZ-41SLSP_NETWORK)991068932409705501</subfield></datafield><datafield ind1=" " ind2=" " tag="040"><subfield code="a">RERO geulhg</subfield><subfield code="d">CH-ZuSLS</subfield></datafield><datafield ind1=" " ind2="7" tag="072"><subfield code="a">ht</subfield><subfield code="2">rero</subfield></datafield><datafield ind1=" " ind2="7" tag="072"><subfield code="a">ss</subfield><subfield code="2">rero</subfield></datafield><datafield ind1="0" ind2="0" tag="245"><subfield code="a">Figures de l'utopie, hier et aujourd'hui</subfield><subfield code="c">sous la dir. de Christine Bard, Georges Bertin et Lauric Guillaud</subfield></datafield><datafield ind1=" " ind2="1" tag="264"><subfield code="a">Rennes</subfield><subfield code="b">Presses Universitaires de Rennes</subfield><subfield code="c">2014</subfield></datafield><datafield ind1=" " ind2=" " tag="300"><subfield code="a">212 p.</subfield></datafield><datafield ind1=" " ind2=" " tag="336"><subfield code="b">txt</subfield><subfield code="2">rdacontent</subfield></datafield><datafield ind1=" " ind2=" " tag="337"><subfield code="b">n</subfield><subfield code="2">rdamedia</subfield></datafield><datafield ind1=" " ind2=" " tag="338"><subfield code="b">nc</subfield><subfield code="2">rdacarrier</subfield></datafield><datafield ind1="0" ind2=" " tag="490"><subfield code="a">Essais</subfield></datafield><datafield ind1=" " ind2=" " tag="500"><subfield code="a">Actes d'une rencontre organisée à la Maison des Sciences Humaines &quot;Confluences&quot; d'Angers en septembre 2011</subfield></datafield><datafield ind1="0" ind2=" " tag="505"><subfield code="a">I : Utopie, contre-utopie, dystopie. Une contre-utopie dans l'Amérique puritaine au XVIIe siècle: la &quot;Nouvelle Canaan&quot; alternative de Thomas Morton / Lauric Guillaud. Aspects de la dystopie dans le cinéma hollywoodien depuis les années soixante-dix : du cauchemar technologique au posthumain / Gilles Menegaldo. Figurations du corps utopique dans l'art d'aujourd'hui : une anticipation contrefactuelle de son devenir post-humain ? / Jean-Loup Héraud. II : Organisation et critiques sociales. L'Utopie comme exploration du possible: les stratégies littéraires de Thomas More et de Charles Fouries / Jonathan Beecher. Figures de l'utopie et crise urbaine Jean-Jacques Wunenburger. L'utopie d'un modèle de l'&quot;organisation innovatrice et durable&quot; / Yvon Pesqueux. La Franc-maçonnerie, organisation utopienne et uchronienne / Céline Bryon-Portet. III : Femmes et utopie. Utopie et liberté sexuelle chez Jean de Meung dans le Roman de la Rose / Alain Lefebvre. Biopolitique et révolution sexuelle dans Une vie nouvelle de Madeleine Pelletier / Christine Bard. Une &quot;terre à soi&quot; : Herland de Charlotte Perkins Gilman / Pascale Denance. Les Utopies féminines/féministes de la science-fiction face à l'histoire: figures de l'alternative ou de l'artifice ? / Natacha Vas-Deyres. IV : Aspects de l'utopie concrète. Utopies concrètes / Georges Bertin. L'utopie à l'œuvre: de Fourier à Godin / Jean-François Draperi. Emmanuel Videcoq et la transversalité / Anne Querrien. Utopies concrètes: le cas Ardelaine / Pierre Thomé. Monnaies complémentaires - Complémentarité entre monnaies. Risques et enjeux / Massimo Amato. En guise de conclusion: l'Utopie, des horizons d'attente aux horizons perdus / Lauric Guillaud.</subfield></datafield><datafield ind1="8" ind2=" " tag="520"><subfield code="a">4e de couv.: A côté de la rationalité, jeu incessant entre l'esprit qui crée des structures logiques et le monde réel, la rationalisation a consisté, de tous temps à vouloir enfermer la réalité dans des systèmes cohérents d'où tout ce qui, les contredisait était écarté et mis de côté, vu comme illusion. C'est ce qui a fondé longtemps le mépris à l'égard des utopies, lesquelles, malgré l'alibi de rationalité qu'elles se donnaient, restaient marquées au coin d'un imaginaire régissant la &quot;Folle du logis&quot;. Cet ouvrage réunissant des approches et des objets très différents veut au contraire explorer les figures de l'utopie, tant dans le monde artistique, scientifique littéraire ou social (comme le féminisme) que dans les organisations, qui réhabilitent la pensée utopique, et ses accomplissements pratiques (comme c'est le cas des utopies concrètes). Pour concourir à cette mise en évidence la manière dont ces systèmes utopiques sont agis et fonctionnent, les auteur.e.s se sont situés au niveau de la &quot;praxis&quot; des acteurs qui la portent car l'action est bien, dans l'utopie au cœur, de toute réflexion, dans un va et vient permanent avec elle, et ce en bonne comme en mauvaise part (les contre utopies). Entre capacité personnelle de révolte et convictions partagées, les figures de l'utopie ouvrent des voies inédites à notre humanité dans un contexte de mutations sans précédent, comme elles ont accompagné les bouleversements sociaux du passé.</subfield><subfield code="5">RERO/neueth/04.2015</subfield></datafield><datafield ind1=" " ind2="7" tag="650"><subfield code="a">Utopies</subfield><subfield code="0">(IDREF)027254992</subfield><subfield code="2">idref</subfield></datafield><datafield ind1=" " ind2="7" tag="650"><subfield code="a">Dystopies</subfield><subfield code="0">(IDREF)225272113</subfield><subfield code="2">idref</subfield></datafield><datafield ind1=" " ind2="7" tag="655"><subfield code="a">Actes de congrès</subfield><subfield code="0">(IDREF)02886431X</subfield><subfield code="2">idref</subfield></datafield><datafield ind1="1" ind2=" " tag="700"><subfield code="a">Bard, Christine</subfield><subfield code="c">historienne</subfield><subfield code="d">1965-....</subfield><subfield code="0">(IDREF)03021968X</subfield></datafield><datafield ind1="1" ind2=" " tag="700"><subfield code="a">Bertin, Georges</subfield><subfield code="d">1948-2022</subfield><subfield code="0">(IDREF)028612469</subfield></datafield><datafield ind1="1" ind2=" " tag="700"><subfield code="a">Guillaud, Lauric</subfield><subfield code="d">1949-....</subfield><subfield code="0">(IDREF)031935842</subfield></datafield><datafield ind1=" " ind2=" " tag="900"><subfield code="a">REROnoselfmerge</subfield></datafield></record>
</metadata></record>