<record><header><identifier>oai:alma.41SLSP_UGE:991000006619705502</identifier><datestamp>2023-06-26T00:14:44Z</datestamp><setSpec>UNIGE_ALL</setSpec></header><metadata>
<record xmlns="http://www.loc.gov/MARC21/slim" xmlns:xsi="http://www.w3.org/2001/XMLSchema-instance" xsi:schemaLocation="http://www.loc.gov/MARC21/slim http://www.loc.gov/standards/marcxml/schema/MARC21slim.xsd"><leader>01293ngm a2200301 c 4500</leader><controlfield tag="001">991000006619705502</controlfield><controlfield tag="005">20230625102522.0</controlfield><controlfield tag="007">vd |v||||</controlfield><controlfield tag="008">060920s1981    be ||| |          v|fre d</controlfield><datafield ind1=" " ind2=" " tag="035"><subfield code="a">(swissbib)10408846X-41slsp_network</subfield></datafield><datafield ind1=" " ind2=" " tag="035"><subfield code="a">10408846X</subfield><subfield code="9">ExL</subfield></datafield><datafield ind1=" " ind2=" " tag="035"><subfield code="a">(RERO)R004206407-41slsp</subfield></datafield><datafield ind1=" " ind2=" " tag="035"><subfield code="a">(EXLNZ-41SLSP_NETWORK)991076480879705501</subfield></datafield><datafield ind1=" " ind2=" " tag="040"><subfield code="a">RERO geumem</subfield><subfield code="d">CH-ZuSLS</subfield></datafield><datafield ind1=" " ind2="7" tag="072"><subfield code="a">ph</subfield><subfield code="2">rero</subfield></datafield><datafield ind1="0" ind2="0" tag="245"><subfield code="a">&lt;&lt;Un&gt;&gt; entretien avec Michel Foucault, professeur au Collège de France</subfield><subfield code="c">réal. par André Berten, professeur à l'Université catholique de Louvain</subfield></datafield><datafield ind1=" " ind2="1" tag="264"><subfield code="a">Louvain</subfield><subfield code="b">Université catholique de Louvain. Faculté de droit</subfield><subfield code="b">Ecole de criminologie</subfield><subfield code="b">centre audiovisuel de l'Université catholique de Louvain [prod.]</subfield><subfield code="c">[1981]</subfield></datafield><datafield ind1=" " ind2="4" tag="264"><subfield code="c">© 1981</subfield></datafield><datafield ind1=" " ind2=" " tag="300"><subfield code="a">1 DVD-R (42 min)</subfield></datafield><datafield ind1=" " ind2=" " tag="336"><subfield code="b">tdi</subfield><subfield code="2">rdacontent</subfield></datafield><datafield ind1=" " ind2=" " tag="337"><subfield code="b">v</subfield><subfield code="2">rdamedia</subfield></datafield><datafield ind1=" " ind2=" " tag="338"><subfield code="b">vd</subfield><subfield code="2">rdacarrier</subfield></datafield><datafield ind1=" " ind2=" " tag="500"><subfield code="a">Entretien réalisé le 7 mai 1981</subfield></datafield><datafield ind1="1" ind2="7" tag="600"><subfield code="a">Foucault, Michel</subfield><subfield code="c">philosophe</subfield><subfield code="d">1926-1984</subfield><subfield code="0">(IDREF)026870290</subfield><subfield code="2">idref</subfield></datafield><datafield ind1=" " ind2="7" tag="655"><subfield code="a">DVD</subfield><subfield code="2">idref</subfield><subfield code="0">(IDREF)035108444</subfield></datafield><datafield ind1=" " ind2="7" tag="655"><subfield code="a">Entretiens</subfield><subfield code="0">(IDREF)027235246</subfield><subfield code="2">idref</subfield></datafield><datafield ind1="1" ind2=" " tag="700"><subfield code="a">Berten, André</subfield><subfield code="0">(RERO)A002998963</subfield></datafield><datafield ind1="1" ind2=" " tag="700"><subfield code="a">Foucault, Michel</subfield><subfield code="c">philosophe</subfield><subfield code="d">1926-1984</subfield><subfield code="0">(IDREF)026870290</subfield></datafield><datafield ind1="2" ind2=" " tag="710"><subfield code="a">Université catholique de Louvain (Louvain-la-Neuve)</subfield><subfield code="b">Faculté de droit</subfield><subfield code="0">(RERO)A012336865</subfield></datafield></record>
</metadata></record>