<record><header><identifier>oai:alma.41SLSP_UGE:991000007239705502</identifier><datestamp>2023-03-01T01:09:02Z</datestamp><setSpec>UNIGE_ALL</setSpec></header><metadata>
<record xmlns="http://www.loc.gov/MARC21/slim" xmlns:xsi="http://www.w3.org/2001/XMLSchema-instance" xsi:schemaLocation="http://www.loc.gov/MARC21/slim http://www.loc.gov/standards/marcxml/schema/MARC21slim.xsd"><leader>01860njm a22003137c 4500</leader><controlfield tag="001">991000007239705502</controlfield><controlfield tag="005">20201222232143.0</controlfield><controlfield tag="007">sd f||g|||||||</controlfield><controlfield tag="008">110122s1981    xx ||n |            eng d</controlfield><datafield ind1="0" ind2="2" tag="028"><subfield code="a">Ed. de l'Oiseau-Lyre ; Decca 443-179-2</subfield></datafield><datafield ind1=" " ind2=" " tag="035"><subfield code="a">(swissbib)113557442-41slsp_network</subfield></datafield><datafield ind1=" " ind2=" " tag="035"><subfield code="a">113557442</subfield><subfield code="9">ExL</subfield></datafield><datafield ind1=" " ind2=" " tag="035"><subfield code="a">(RERO)R006021033-41slsp</subfield></datafield><datafield ind1=" " ind2=" " tag="035"><subfield code="a">(EXLNZ-41SLSP_NETWORK)991117048579705501</subfield></datafield><datafield ind1=" " ind2=" " tag="040"><subfield code="a">RERO geulmu</subfield><subfield code="d">CH-ZuSLS</subfield></datafield><datafield ind1="0" ind2=" " tag="041"><subfield code="a">ita</subfield><subfield code="a">eng</subfield><subfield code="a">fre</subfield><subfield code="a">ger</subfield></datafield><datafield ind1=" " ind2="7" tag="072"><subfield code="a">mu</subfield><subfield code="2">rero</subfield></datafield><datafield ind1="1" ind2=" " tag="100"><subfield code="a">Scarlatti, Domenico</subfield><subfield code="d">1685-1757</subfield><subfield code="0">(IDREF)027541533</subfield><subfield code="4">cre</subfield></datafield><datafield ind1="1" ind2="0" tag="245"><subfield code="a">Harpsichord sonatas</subfield><subfield code="c">Domenico Scarlatti ; Colin Tilney</subfield></datafield><datafield ind1=" " ind2="1" tag="264"><subfield code="a">[Lieu de publication non identifié]</subfield><subfield code="b">[éditeur non identifié]</subfield><subfield code="c">1981</subfield></datafield><datafield ind1=" " ind2=" " tag="300"><subfield code="a">1 disque compact</subfield></datafield><datafield ind1=" " ind2=" " tag="336"><subfield code="b">prm</subfield><subfield code="2">rdacontent</subfield></datafield><datafield ind1=" " ind2=" " tag="337"><subfield code="b">s</subfield><subfield code="2">rdamedia</subfield></datafield><datafield ind1=" " ind2=" " tag="338"><subfield code="b">sd</subfield><subfield code="2">rdacarrier</subfield></datafield><datafield ind1=" " ind2=" " tag="500"><subfield code="a">Durée: 58 min. 58 sec.</subfield></datafield><datafield ind1=" " ind2=" " tag="500"><subfield code="a">Enregistrement: August 1979</subfield></datafield><datafield ind1=" " ind2=" " tag="500"><subfield code="a">Formation: clavecin</subfield></datafield><datafield ind1="0" ind2=" " tag="505"><subfield code="a">Scarlatti, Giuseppe Domenico : [Sonates. K 123. Clavecin. Mi bémol majeur] ; Scarlatti, Giuseppe Domenico : [Sonates. K 124. Clavecin. Sol majeur] ; Scarlatti, Giuseppe Domenico : [Sonates. K 467. Clavecin. Fa mineur] ; Scarlatti, Giuseppe Domenico : [Sonates. K 454. Clavecin. Sol majeur] ; Scarlatti, Giuseppe Domenico : [Sonates. K 327. Clavecin. Do majeur] ; Scarlatti, Giuseppe Domenico : [Sonates. K 326. Clavecin. Do majeur] ; Scarlatti, Giuseppe Domenico : [Sonates. K 98. Clavecin. Mi mineur] ; Scarlatti, Giuseppe Domenico : [Sonates. K 198. Clavecin. Mi mineur] ; Scarlatti, Giuseppe Domenico : [Sonates. K 147. Clavecin. Mi mineur] ; Scarlatti, Giuseppe Domenico : [Sonates. K 429. Clavecin. La majeur] ; Scarlatti, Giuseppe Domenico : [Sonates. K 466. Clavecin. Fa mineur] ; Scarlatti, Giuseppe Domenico : [Sonates. K 428. Clavecin. La majeur]</subfield></datafield><datafield ind1="1" ind2=" " tag="700"><subfield code="a">Tilney, Colin</subfield><subfield code="d">19..-....</subfield><subfield code="0">(IDREF)056935285</subfield></datafield><datafield ind1=" " ind2=" " tag="900"><subfield code="a">REROnoselfmerge</subfield></datafield><datafield ind1=" " ind2=" " tag="960"><subfield code="2">matmu</subfield><subfield code="a">Italie ; XVIIe ; Baroque ; sonates ; clavecin</subfield><subfield code="9">LOCAL</subfield></datafield></record>
</metadata></record>