<record><header><identifier>oai:alma.41SLSP_UGE:991000006509705502</identifier><datestamp>2023-03-01T01:09:02Z</datestamp><setSpec>uge_bcen_RapidILL_BOOK</setSpec><setSpec>uge_aaca_RapidILL_BOOK</setSpec><setSpec>uge_abels_RapidILL_BOOK</setSpec><setSpec>uge_dbu_RapidILL_BOOK</setSpec><setSpec>uge_cmu_RapidILL_BOOK</setSpec><setSpec>uge_mail_RapidILL_BOOK</setSpec><setSpec>UNIGE_ALL</setSpec><setSpec>uge_abbat_RapidILL_BOOK</setSpec><setSpec>uge_aobs_RapidILL_BOOK</setSpec><setSpec>uge_acar_RapidILL_BOOK</setSpec></header><metadata>
<record xmlns="http://www.loc.gov/MARC21/slim" xmlns:xsi="http://www.w3.org/2001/XMLSchema-instance" xsi:schemaLocation="http://www.loc.gov/MARC21/slim http://www.loc.gov/standards/marcxml/schema/MARC21slim.xsd"><leader>01894nam a2200565 c 4500</leader><controlfield tag="001">991000006509705502</controlfield><controlfield tag="005">20201229211548.0</controlfield><controlfield tag="008">201011s2005    sz ||||| |||| 00| ||fre d</controlfield><datafield ind1=" " ind2=" " tag="020"><subfield code="a">2883570493</subfield></datafield><datafield ind1=" " ind2=" " tag="035"><subfield code="a">(swissbib)217679633-41slsp_network</subfield></datafield><datafield ind1=" " ind2=" " tag="035"><subfield code="a">217679633</subfield><subfield code="9">ExL</subfield></datafield><datafield ind1=" " ind2=" " tag="035"><subfield code="a">(RERO)R003914290-41slsp</subfield></datafield><datafield ind1=" " ind2=" " tag="035"><subfield code="a">(IDSBB)003690569DSV01</subfield></datafield><datafield ind1=" " ind2=" " tag="035"><subfield code="a">(NEBIS)005034772EBI01</subfield></datafield><datafield ind1=" " ind2=" " tag="035"><subfield code="a">(EXLNZ-41SLSP_NETWORK)991014198209705501</subfield></datafield><datafield ind1=" " ind2=" " tag="040"><subfield code="a">RERO gevbpu</subfield><subfield code="d">CH-ZuSLS</subfield></datafield><datafield ind1="1" ind2=" " tag="041"><subfield code="a">fre</subfield><subfield code="a">ita</subfield><subfield code="h">ita</subfield></datafield><datafield ind1=" " ind2=" " tag="044"><subfield code="a">sz</subfield><subfield code="c">ch-vd</subfield></datafield><datafield ind1=" " ind2="7" tag="072"><subfield code="a">it</subfield><subfield code="2">rero</subfield></datafield><datafield ind1="0" ind2="4" tag="082"><subfield code="a">418.04</subfield><subfield code="2">22</subfield></datafield><datafield ind1="0" ind2="4" tag="082"><subfield code="a">852</subfield><subfield code="2">22</subfield></datafield><datafield ind1="0" ind2="4" tag="082"><subfield code="a">851</subfield><subfield code="2">21</subfield></datafield><datafield ind1="1" ind2="4" tag="082"><subfield code="a">852</subfield><subfield code="2">1</subfield></datafield><datafield ind1="1" ind2=" " tag="100"><subfield code="a">D'Onghia, Rocco</subfield><subfield code="d">1956-....</subfield><subfield code="0">(IDREF)050418890</subfield><subfield code="4">cre</subfield></datafield><datafield ind1="1" ind2="0" tag="245"><subfield code="a">&lt;&lt;Le&gt;&gt; voci umane</subfield><subfield code="b">= Les voix humaines</subfield><subfield code="c">Rocco D'Onghia ; trad. de Ginette Herry</subfield></datafield><datafield ind1="1" ind2="1" tag="246"><subfield code="a">&lt;&lt;Les&gt;&gt; voix humaines</subfield></datafield><datafield ind1=" " ind2="1" tag="264"><subfield code="a">Lausanne</subfield><subfield code="b">CTL, Centre de traduction littéraire</subfield><subfield code="c">2005</subfield></datafield><datafield ind1=" " ind2=" " tag="300"><subfield code="a">103 p.</subfield><subfield code="c">21 cm</subfield></datafield><datafield ind1=" " ind2=" " tag="336"><subfield code="b">txt</subfield><subfield code="2">rdacontent</subfield></datafield><datafield ind1=" " ind2=" " tag="337"><subfield code="b">n</subfield><subfield code="2">rdamedia</subfield></datafield><datafield ind1=" " ind2=" " tag="338"><subfield code="b">nc</subfield><subfield code="2">rdacarrier</subfield></datafield><datafield ind1="1" ind2=" " tag="490"><subfield code="a">CTL. Texte</subfield><subfield code="v">no 46</subfield></datafield><datafield ind1="1" ind2=" " tag="490"><subfield code="a">Travaux du Centre de traduction littéraire</subfield><subfield code="v">46</subfield></datafield><datafield ind1="1" ind2=" " tag="490"><subfield code="a">CTL</subfield><subfield code="v">no 46</subfield></datafield><datafield ind1=" " ind2=" " tag="500"><subfield code="a">Texte italien avec trad. française en regard</subfield></datafield><datafield ind1=" " ind2=" " tag="500"><subfield code="a">Ital.-franz. Paralleltext</subfield></datafield><datafield ind1=" " ind2="7" tag="650"><subfield code="a">Einakter</subfield><subfield code="2">idszbz</subfield></datafield><datafield ind1=" " ind2="7" tag="650"><subfield code="a">Italienisch</subfield><subfield code="2">idszbz</subfield></datafield><datafield ind1=" " ind2="7" tag="655"><subfield code="a">Ausgabe</subfield><subfield code="2">idszbz</subfield></datafield><datafield ind1=" " ind2=" " tag="690"><subfield code="a">Stimme</subfield><subfield code="2">uzb-VI</subfield></datafield><datafield ind1=" " ind2=" " tag="690"><subfield code="a">Schrei</subfield><subfield code="2">uzb-VI</subfield></datafield><datafield ind1=" " ind2=" " tag="690"><subfield code="a">Schmerz</subfield><subfield code="2">uzb-VI</subfield></datafield><datafield ind1=" " ind2=" " tag="690"><subfield code="a">Tod</subfield><subfield code="2">uzb-VI</subfield></datafield><datafield ind1="1" ind2="2" tag="700"><subfield code="a">D'Onghia, Rocco</subfield><subfield code="t">&lt;&lt;Les&gt;&gt; voix humaines</subfield></datafield><datafield ind1="1" ind2=" " tag="700"><subfield code="a">Herry, Ginette</subfield><subfield code="0">(IDREF)026920727</subfield></datafield><datafield ind1=" " ind2=" " tag="830"><subfield code="a">Travaux du Centre de traduction littéraire</subfield><subfield code="v">46</subfield><subfield code="w">(NEBIS)000991525EBI01</subfield></datafield><datafield ind1=" " ind2=" " tag="830"><subfield code="a">CTL</subfield><subfield code="v">46</subfield><subfield code="w">(RERO)R276094260-41slsp</subfield></datafield><datafield ind1=" " ind2=" " tag="830"><subfield code="a">Centre de traduction littéraire de Lausanne</subfield><subfield code="v">46</subfield><subfield code="w">(IDSBB)000611598DSV01</subfield></datafield><datafield ind1=" " ind2=" " tag="900"><subfield code="a">REROnoselfmerge</subfield></datafield><datafield ind1=" " ind2=" " tag="900"><subfield code="a">IDSE5E87ANH-2006</subfield></datafield><datafield ind1=" " ind2=" " tag="900"><subfield code="a">IDSZ2zbzmon200509e</subfield><subfield code="c">IDSZ2emme</subfield><subfield code="d">IDSZ2zbzswk200509b</subfield><subfield code="e">IDSZ2brua</subfield></datafield></record>
</metadata></record>