<record><header><identifier>oai:alma.41SLSP_UGE:991000006609705502</identifier><datestamp>2024-06-15T00:15:02Z</datestamp><setSpec>uge_bcen_RapidILL_BOOK</setSpec><setSpec>uge_aaca_RapidILL_BOOK</setSpec><setSpec>uge_abels_RapidILL_BOOK</setSpec><setSpec>uge_dbu_RapidILL_BOOK</setSpec><setSpec>uge_cmu_RapidILL_BOOK</setSpec><setSpec>uge_mail_RapidILL_BOOK</setSpec><setSpec>uge_abbat_RapidILL_BOOK</setSpec><setSpec>UNIGE_ALL</setSpec><setSpec>uge_acar_RapidILL_BOOK</setSpec><setSpec>uge_aobs_RapidILL_BOOK</setSpec></header><metadata>
<record xmlns="http://www.loc.gov/MARC21/slim" xmlns:xsi="http://www.w3.org/2001/XMLSchema-instance" xsi:schemaLocation="http://www.loc.gov/MARC21/slim http://www.loc.gov/standards/marcxml/schema/MARC21slim.xsd"><leader>07501nam a2200841uc 4500</leader><controlfield tag="001">991000006609705502</controlfield><controlfield tag="005">20240614160009.0</controlfield><controlfield tag="008">201011s1992    sz            00| | ger d</controlfield><datafield ind1=" " ind2=" " tag="020"><subfield code="a">3728116033</subfield><subfield code="c">Fr. 52.-</subfield></datafield><datafield ind1=" " ind2=" " tag="035"><subfield code="a">(swissbib)227318773-41slsp_network</subfield></datafield><datafield ind1=" " ind2=" " tag="035"><subfield code="a">227318773</subfield><subfield code="9">ExL</subfield></datafield><datafield ind1=" " ind2=" " tag="035"><subfield code="a">(IDSBB)000781993DSV01</subfield></datafield><datafield ind1=" " ind2=" " tag="035"><subfield code="a">(RERO)1492460-41slsp</subfield></datafield><datafield ind1=" " ind2=" " tag="035"><subfield code="a">(NEBIS)000623612EBI01</subfield></datafield><datafield ind1=" " ind2=" " tag="035"><subfield code="a">(IDSLU)000062090ILU01</subfield></datafield><datafield ind1=" " ind2=" " tag="035"><subfield code="a">(IDSSG)000042735HSB01</subfield></datafield><datafield ind1=" " ind2=" " tag="035"><subfield code="a">(ALEX)bv01106419</subfield></datafield><datafield ind1=" " ind2=" " tag="035"><subfield code="a">(EXLNZ-41SLSP_NETWORK)991095539379705501</subfield></datafield><datafield ind1=" " ind2=" " tag="040"><subfield code="a">SzZuIDS BS/BE B465</subfield><subfield code="b">ger</subfield><subfield code="e">kids</subfield><subfield code="d">CH-ZuSLS</subfield></datafield><datafield ind1=" " ind2=" " tag="044"><subfield code="a">sz</subfield></datafield><datafield ind1=" " ind2="7" tag="072"><subfield code="a">rw</subfield><subfield code="2">SzZuIDS BS/BE</subfield></datafield><datafield ind1=" " ind2="7" tag="072"><subfield code="a">dr</subfield><subfield code="2">rero</subfield></datafield><datafield ind1=" " ind2="7" tag="072"><subfield code="a">800</subfield><subfield code="2">IDS LU</subfield></datafield><datafield ind1="1" ind2="4" tag="082"><subfield code="a">340</subfield><subfield code="2">15</subfield></datafield><datafield ind1=" " ind2=" " tag="084"><subfield code="a">PU 2610</subfield><subfield code="2">rvk</subfield></datafield><datafield ind1=" " ind2=" " tag="084"><subfield code="a">CA/CH 16 g</subfield><subfield code="2">cjurrom</subfield></datafield><datafield ind1="1" ind2=" " tag="100"><subfield code="6">880-01</subfield><subfield code="a">Lendi, Martin</subfield><subfield code="d">1933-</subfield><subfield code="0">(DE-588)120355620</subfield></datafield><datafield ind1="1" ind2=" " tag="880"><subfield code="6">100-01</subfield><subfield code="a">Lendi, Martin</subfield><subfield code="d">1933-....</subfield><subfield code="0">(IDREF)056612125</subfield><subfield code="4">cre</subfield></datafield><datafield ind1="1" ind2="0" tag="245"><subfield code="a">Rechtsordnung</subfield><subfield code="b">eine Einführung in das schweizerische Recht mit Tafeln und Beispielen</subfield><subfield code="c">Martin Lendi ; unter Mitarbeit von Hansruedi Diggelmann, Hermann Schulin</subfield></datafield><datafield ind1=" " ind2="1" tag="264"><subfield code="a">Zürich</subfield><subfield code="b">Verlag der Fachvereine</subfield><subfield code="c">1992</subfield></datafield><datafield ind1=" " ind2="4" tag="264"><subfield code="c">© 1992</subfield></datafield><datafield ind1=" " ind2=" " tag="300"><subfield code="a">XXIV, 258 S.</subfield><subfield code="b">Ill.</subfield><subfield code="c">30 cm</subfield></datafield><datafield ind1=" " ind2=" " tag="336"><subfield code="b">txt</subfield><subfield code="2">rdacontent</subfield></datafield><datafield ind1=" " ind2=" " tag="337"><subfield code="b">n</subfield><subfield code="2">rdamedia</subfield></datafield><datafield ind1=" " ind2=" " tag="338"><subfield code="b">nc</subfield><subfield code="2">rdacarrier</subfield></datafield><datafield ind1=" " ind2=" " tag="500"><subfield code="a">Ständig im Rechtsdienst</subfield><subfield code="5">[EDA]</subfield></datafield><datafield ind1=" " ind2=" " tag="504"><subfield code="a">Bibliogr</subfield></datafield><datafield ind1=" " ind2=" " tag="504"><subfield code="a">Quellenhinweise</subfield></datafield><datafield ind1="8" ind2=" " tag="520"><subfield code="a">Analisi: DIRITTO PUBBLICO. DIRITTO PRIVATO. MANUALI. Diritto</subfield><subfield code="5">RERO/02.02.1993/tiire-/mz</subfield></datafield><datafield ind1=" " ind2=" " tag="520"><subfield code="a">Dieses Lehrbuch vermittelt in knapper und übersichtlicher Form den Zugang zum schweizerischen Recht und zur Rechtsordnung. Es richtet sich an Studierende aller Stufen und Fachrichtungen, wie auch an Praktiker in Verwaltung und Unternehmung und an Politiker. Der didaktische Aufbau macht dieses Buch gleichermassen zum Nachschlagewerk und zum Lehrmittel für Unterricht und Selbstudium</subfield></datafield><datafield ind1=" " ind2="7" tag="650"><subfield code="a">Recht</subfield><subfield code="z">Schweiz</subfield><subfield code="v">0 Gesamtdarstellung</subfield><subfield code="2">idsbb</subfield></datafield><datafield ind1=" " ind2="7" tag="650"><subfield code="a">Rechtsordnung</subfield><subfield code="z">Schweiz</subfield><subfield code="2">idsbb</subfield></datafield><datafield ind1=" " ind2="7" tag="650"><subfield code="a">Einführung in die Rechtswissenschaft</subfield><subfield code="9">ger</subfield><subfield code="0">(RERO)jurivoc000006381ger</subfield><subfield code="2">jurivoc</subfield></datafield><datafield ind1=" " ind2="7" tag="650"><subfield code="a">Droit</subfield><subfield code="0">(IDREF)027466868</subfield><subfield code="2">idref</subfield></datafield><datafield ind1=" " ind2="7" tag="650"><subfield code="a">Recht</subfield><subfield code="2">idszbz</subfield></datafield><datafield ind1=" " ind2="0" tag="650"><subfield code="a">Law</subfield><subfield code="z">Switzerland</subfield></datafield><datafield ind1=" " ind2="7" tag="650"><subfield code="a">RECHT + JURISPRUDENZ + RECHTSWISSENSCHAFT</subfield><subfield code="9">ger</subfield><subfield code="0">(ETHUDK)000010956</subfield><subfield code="2">ethudk</subfield></datafield><datafield ind1=" " ind2="7" tag="650"><subfield code="a">RECHTSORDNUNG + RECHTSSYSTEME</subfield><subfield code="9">ger</subfield><subfield code="0">(ETHUDK)000044801</subfield><subfield code="2">ethudk</subfield></datafield><datafield ind1=" " ind2="7" tag="650"><subfield code="a">SCHWEIZ (MITTELEUROPA). SCHWEIZERISCHE EIDGENOSSENSCHAFT</subfield><subfield code="9">ger</subfield><subfield code="0">(ETHUDK)000004571</subfield><subfield code="2">ethudk</subfield></datafield><datafield ind1=" " ind2="7" tag="650"><subfield code="a">Recht</subfield><subfield code="0">(DE-588)4048737-4</subfield><subfield code="2">gnd</subfield></datafield><datafield ind1=" " ind2="7" tag="651"><subfield code="a">Schweiz</subfield><subfield code="9">ger</subfield><subfield code="0">(RERO)jurivoc000019912ger</subfield><subfield code="2">jurivoc</subfield></datafield><datafield ind1=" " ind2="7" tag="651"><subfield code="a">Suisse</subfield><subfield code="0">(IDREF)027249654</subfield><subfield code="2">idref</subfield></datafield><datafield ind1=" " ind2="7" tag="651"><subfield code="a">Schweiz</subfield><subfield code="2">idszbz</subfield></datafield><datafield ind1=" " ind2="7" tag="651"><subfield code="a">Schweiz</subfield><subfield code="0">(DE-588)4053881-3</subfield><subfield code="2">gnd</subfield></datafield><datafield ind1=" " ind2="7" tag="655"><subfield code="a">Manuels d'enseignement</subfield><subfield code="0">(IDREF)027446514</subfield><subfield code="2">idref</subfield></datafield><datafield ind1=" " ind2="7" tag="655"><subfield code="a">Einführung</subfield><subfield code="2">idszbz</subfield></datafield><datafield ind1=" " ind2="7" tag="655"><subfield code="a">Einführung</subfield><subfield code="2">gnd-content</subfield></datafield><datafield ind1=" " ind2=" " tag="690"><subfield code="a">Recht, Schweiz</subfield><subfield code="2">ubs-A6</subfield></datafield><datafield ind1=" " ind2=" " tag="690"><subfield code="a">CH: Recht: Einführung</subfield><subfield code="2">uzb-Z6</subfield></datafield><datafield ind1=" " ind2=" " tag="690"><subfield code="a">Recht: CH: Einführung</subfield><subfield code="2">uzb-Z6</subfield></datafield><datafield ind1=" " ind2=" " tag="690"><subfield code="a">125a</subfield><subfield code="d">Planungsrecht, Rechtliche Grundlagen (Planung), Planungswirksames Recht</subfield><subfield code="2">uzb-UJ</subfield></datafield><datafield ind1=" " ind2=" " tag="690"><subfield code="a">212b</subfield><subfield code="d">Schweiz: Raumplanung, Regionalentwicklung</subfield><subfield code="2">uzb-UJ</subfield></datafield><datafield ind1=" " ind2=" " tag="690"><subfield code="a">Datenschutz; Gesellschaftsrecht; Patentrecht; Raumordnungsrecht; Umweltrecht; Grundrecht; Sachenrecht; Vertragsrecht; Zivilprozessrecht; Testament; Handelsrecht; Bundesgesetz; Strafrecht; Gesetzgebung; Wirtschaftsrecht; Arbeitsrecht; Baurecht; Erlass; Legalitätsprinzip; Verkehrsrecht; Rechtsprechung; Rechtsordnung; Haftfestigkeit; Staatsvertrag; Wirtschaftsverfassung; Grundprinzip; Erfüllung; Rangordnung; Sammlung; Beschluss; Vorschrift</subfield><subfield code="2">idssg-J</subfield></datafield><datafield ind1=" " ind2=" " tag="690"><subfield code="a">Gesetzessammlung; Kausalhaftung; Rechtsetzung; Verschuldenshaftung; Bundesbeschluss; Haftpflichtrecht; Krediteröffnungsvertrag; Parlamentsbeschluss; Quellenhinweis; Schiedsklausel; Schutzverordnung; Staatsvertragsrecht; Verfahrensgrundsatz; Verwaltungsverfahren; Zahlungsbefehl; Zivilurteil; Beamtenhaftung; Kulturverpflichtung; Nichterfüllung; Rechtsfortentwicklung; Sollensordnung; Eigentumswechsel; Arbeitshilfe; Behördenorganisation; Grundvorstellung; Haftungsverhältnis; Heimatschutz; Kompetenzausscheidung; Normenhierarchie; Privatautonomie; Rechtsanwendung; Rechtsbeständigkeit; Rechtsgleichheit; Rechtskultur; Rechtsleben; Rechtsrelevanz; Rechtssicherheit; Rechtswahl; Rechtsänderung; Schuldverhältnis; Sicherungsgeschäft; Strafzumessung; Verantwortungsbereich; Verfahrensablauf; Verhältnismässigkeit; Verwaltungsprozess; Verwaltungsrechtsverhältnis; Abkürzungsverzeichnis; Bezugsort; Bund-Kanton; Finanzgut; Grundzug; Güterart; Haftungsart; Haftungsvoraussetzung; Handelregisterauszug; Inhaltsverzeichnis; Inhaltsübersicht; Lehrbeauftragter; Literaturart; Nebenbestimmung; Ordnungsgefüge; Rechtsfolge; Rechtsgut; Rechtsobjekt; Rechtsquelle; Rechtssatz; Rechtssubjekt; Sachgebiet; Schuldpflicht; Stellvertretung; Strukturelement; Stufenbau; Vertragswerk; Verwaltungstätigkeit; Wesenselement</subfield><subfield code="2">idssg-J</subfield></datafield><datafield ind1=" " ind2=" " tag="690"><subfield code="a">einseitiges Rechtsgeschäft; einzelne Strukturierung; kantonaler Erlass; privatrechtlicher Schutz; vertragliche Vertretung; zivilrechtliche Stellvertretung; absoluter Rechter; ausgewähltes Sachgebiet; ausservertragliche Haftung; außerordentliche Rechtsfolge; dinglicher Rechter; erheblicher Schritt; erringende Kulturverpflichtung; erste Instanz; geordnetes Verfahren; gesellschaftliches Ordnungsgefüge; gewöhnliche Kausalhaftung; grundlegende Gliederung; guter Glaube; handelsrechtliche Stellvertretung; individuelle Ausgestaltung; innerer Kern; innerstaatliche Gliederung; juristische Person; kommunaler Erlass; kulturelles Phänomen; materielle Struktur; materielle Strukturierung; natürliches Gut; natürliche Person; privates Rechtsgeschäft; privates Wirtschaftsrecht; privatrechtliches Schuldverhältnis; privatrechtliche Vereinbarung; qualifizierter Schutz; rechte Pflicht; rechtliche Einbindung; rechtliches Prinzip; rechtmäßige Handlung; räumliche Geltung; schweizerische Rechtsordnung; schweizerische Verfassung; schädigendes Verhalten; soziale Wirklichkeit; soziologische Grundlage; staatliche Haftung; statutarische Vertretung; tragendes Prinzip; tägliches Leben; verbindliches Gefüge; verbindliche Sollensordnung; verfassungsmäßiger Rechter; vertragliche Haftung; verwaltungsrechtlicher Vertrag; weiterer Sinn; weiterführende Literatur; wichtiges Vertragswerk; wissenschaftlicher Mitarbeiter; zeitliche Geltung; zivilrechtlicher Anspruch; zivilrechtliche Forderung; zweiseitiges Rechtsgeschäft; öffentliche Aufgabe; öffentliches Gut; öffentliches Interesse; öffentlichrechtlicher Schutz; öffentlichrechtliche Verfügung; übrige Abkürzung</subfield><subfield code="2">idssg-J</subfield></datafield><datafield ind1=" " ind2=" " tag="690"><subfield code="a">Schweiz C4EXSI; China C9CHIN</subfield><subfield code="2">idssg-J</subfield></datafield><datafield ind1=" " ind2=" " tag="690"><subfield code="a">dinglich Rechte Typengebundenheit; Eidgenössische Technische Hochschule ürich; Geschäftsherren- Beamten-; Hansruedi Diggelmann; Hermann Schulin; St. Gallen Zürich Vorwort; Tafel Beispielen Martin Lendi; Teil Anhang Offerte; Teil Tafeln Verantwortungsbereiche; wichtig Vertragswerke Institutionen</subfield><subfield code="2">idssg-J</subfield></datafield><datafield ind1=" " ind2=" " tag="691"><subfield code="e">PC 16 CH</subfield><subfield code="2">rzs-L1</subfield></datafield><datafield ind1="1" ind2=" " tag="700"><subfield code="a">Schulin, Hermann</subfield><subfield code="d">1937-</subfield><subfield code="0">(DE-588)124149898</subfield></datafield><datafield ind1="1" ind2=" " tag="700"><subfield code="a">Diggelmann, Hansruedi</subfield><subfield code="0">(RERO)A003180724</subfield></datafield><datafield ind1="4" ind2=" " tag="856"><subfield code="u">https://tools.unisg.ch/url/hm00051290</subfield><subfield code="z">Inhaltsverzeichnis</subfield></datafield><datafield ind1=" " ind2=" " tag="900"><subfield code="a">IDSZ1ZH</subfield></datafield><datafield ind1=" " ind2=" " tag="900"><subfield code="f">IDSU2medea</subfield></datafield><datafield ind1=" " ind2=" " tag="949"><subfield code="a">https://tools.unisg.ch/url/hm00051290</subfield></datafield></record>
</metadata></record>